Reporter,Partner,Trade Flow,Trade Value (US$),Netweight (kg),Value_Per_Kg
Angola,Belgium,Imports,5838092,10234.0,570.4604260308774
Angola,Brazil,Imports,76693,106.0,723.5188679245283
Angola,China,Imports,279710,116466.0,2.4016451153126233
Angola,Denmark,Imports,1024880,2637.0,388.65377322715204
Angola,France,Imports,848742,2439.0,347.98769987699876
Angola,India,Imports,2848776,190623.0,14.944555483860814
Angola,Israel,Imports,4080,4.0,1020.0
Angola,Namibia,Imports,9051,1323.0,6.841269841269841
Angola,Netherlands,Imports,228799,789.0,289.98605830164763
Angola,Portugal,Imports,1580419,4075.0,387.8328834355828
Angola,Rep. of Korea,Imports,1186796,3298.0,359.8532443905397
Angola,South Africa,Imports,390015,693.0,562.7922077922078
Angola,Spain,Exports,100,38.0,2.6315789473684212
Angola,United Arab Emirates,Imports,164227,1940.0,84.65309278350516
Angola,United Kingdom,Imports,5075,5.0,1015.0
Angola,United States of America,Imports,1903,7.0,271.85714285714283
Antigua and Barbuda,Barbados,Imports,5381,15.0,358.73333333333335
Antigua and Barbuda,Belgium,Imports,5300,60.0,88.33333333333333
Antigua and Barbuda,Canada,Imports,99,1.0,99.0
Antigua and Barbuda,France,Imports,40251,200.0,201.255
Antigua and Barbuda,Germany,Imports,250,2.0,125.0
Antigua and Barbuda,India,Imports,4237,17.0,249.23529411764707
Antigua and Barbuda,Rep. of Korea,Imports,365,3.0,121.66666666666667
Antigua and Barbuda,United States of America,Imports,22877,201.0,113.81592039800995
Argentina,Argentina,Imports,2324,6.0,387.3333333333333
Argentina,Australia,Imports,270571,1332.0,203.13138138138137
Argentina,Austria,Imports,394,1.0,394.0
Argentina,Belgium,Imports,15818817,33167.0,476.9444628697199
Argentina,Bolivia,Exports,4500,30.0,150.0
Argentina,Bulgaria,Imports,114855,621.0,184.95169082125605
Argentina,Canada,Imports,4148030,3394.0,1222.1655863288156
Argentina,China,Imports,610,2.0,305.0
Argentina,Cuba,Imports,962,1.0,962.0
Argentina,Dominican Rep.,Exports,12000,136.0,88.23529411764706
Argentina,France,Imports,13282549,45507.0,291.8792493462544
Argentina,Germany,Imports,519398,2160.0,240.46203703703705
Argentina,Guatemala,Exports,360,7.0,51.42857142857143
Argentina,India,Imports,3489433,28093.0,124.21005232620226
Argentina,Indonesia,Imports,52786,6.0,8797.666666666666
Argentina,Ireland,Imports,18293664,3541.0,5166.242304433776
Argentina,Italy,Imports,45196608,56566.0,799.0066117455715
Argentina,Netherlands,Imports,803751,235.0,3420.217021276596
Argentina,Paraguay,Exports,152004,1555.0,97.75176848874598
Argentina,Rep. of Korea,Imports,494509,3243.0,152.4850447116867
Argentina,Switzerland,Imports,1067392,1594.0,669.6311166875785
Argentina,United Kingdom,Imports,45,0.0,0.0
Argentina,United States of America,Imports,66999026,131305.0,510.25494840257414
Argentina,Uruguay,Exports,10890,19.0,573.1578947368421
Armenia,"Areas, nes",Imports,554,16.0,34.625
Armenia,Belgium,Imports,683413,1342.0,509.2496274217586
Armenia,Bulgaria,Imports,278008,252.0,1103.2063492063492
Armenia,China,Imports,96225,136.0,707.5367647058823
Armenia,Estonia,Imports,37249,6.0,6208.166666666667
Armenia,France,Imports,1893499,1563.0,1211.4516954574535
Armenia,India,Imports,6900,16.0,431.25
Armenia,Latvia,Imports,13216,2.0,6608.0
Armenia,Netherlands,Imports,229441,166.0,1382.1746987951808
Armenia,Rep. of Korea,Imports,272821,1817.0,150.1491469455146
Armenia,Russian Federation,Imports,117217,345.0,339.7594202898551
Armenia,United Kingdom,Imports,300062,655.0,458.10992366412216
Armenia,United States of America,Imports,460470,173.0,2661.676300578035
Australia,Argentina,Exports,652125,3125.0,208.68
Australia,Austria,Imports,682835,0.0,0.0
Australia,Belgium,Imports,106652907,0.0,0.0
Australia,Brunei Darussalam,Exports,5489,14.0,392.07142857142856
Australia,Canada,Imports,5430953,0.0,0.0
Australia,Christmas Isds,Exports,12083,33.0,366.1515151515151
Australia,Denmark,Imports,3929261,0.0,0.0
Australia,Fiji,Exports,89486,470.0,190.39574468085107
Australia,France,Imports,30640965,0.0,0.0
Australia,French Polynesia,Exports,1704,6.0,284.0
Australia,Germany,Exports,27429398,9145.0,2999.3874248223074
Australia,Germany,Imports,6552650,0.0,0.0
Australia,Hungary,Exports,4858,13.0,373.6923076923077
Australia,India,Imports,24103,0.0,0.0
Australia,Indonesia,Exports,82545,172.0,479.91279069767444
Australia,Ireland,Imports,45152376,0.0,0.0
Australia,Israel,Imports,4118795,0.0,0.0
Australia,Italy,Exports,4849,1.0,4849.0
Australia,Italy,Imports,31785915,0.0,0.0
Australia,Japan,Exports,9890,30.0,329.6666666666667
Australia,Kiribati,Exports,9360,42.0,222.85714285714286
Australia,Lebanon,Exports,4883,18.0,271.27777777777777
Australia,Nauru,Exports,11406,4001.0,2.8507873031742066
Australia,Netherlands,Imports,2113872,0.0,0.0
Australia,New Zealand,Exports,2884460,22467.0,128.38652245515644
Australia,Papua New Guinea,Exports,1068155,12533.0,85.2273996648847
Australia,Peru,Exports,85190,1289.0,66.0899922420481
Australia,Poland,Imports,1237,0.0,0.0
Australia,Rep. of Korea,Imports,37707,0.0,0.0
Australia,Samoa,Exports,154,3.0,51.333333333333336
Australia,Singapore,Exports,263601,124.0,2125.814516129032
Australia,South Africa,Exports,223752,2094.0,106.8538681948424
Australia,Spain,Imports,1833958,0.0,0.0
Australia,Sweden,Imports,724562,0.0,0.0
Australia,Switzerland,Imports,206867,0.0,0.0
Australia,Thailand,Exports,145110,10874.0,13.344675372448041
Australia,Thailand,Imports,2374772,0.0,0.0
Australia,United Arab Emirates,Exports,10200,31.0,329.03225806451616
Australia,United Kingdom,Exports,3179570,28908.0,109.98927632489276
Australia,United Kingdom,Imports,1512587,0.0,0.0
Australia,United States of America,Exports,63359702,18187.0,3483.790729642052
Australia,United States of America,Imports,56958402,0.0,0.0
Australia,Uruguay,Exports,19642,75.0,261.8933333333333
Azerbaijan,Belgium,Imports,1756549,3279.0,535.6965538273864
Azerbaijan,Bulgaria,Imports,87404,370.0,236.22702702702702
Azerbaijan,"China, Hong Kong SAR",Imports,12,0.0,0.0
Azerbaijan,Czech Rep.,Imports,7730,79.0,97.84810126582279
Azerbaijan,France,Imports,157244,334.0,470.79041916167665
Azerbaijan,India,Imports,1362701,1301.0,1047.4258262874712
Azerbaijan,Indonesia,Imports,54586,298.0,183.1744966442953
Azerbaijan,Netherlands,Imports,567983,3909.0,145.30135584548478
Azerbaijan,Rep. of Korea,Imports,55390,620.0,89.33870967741936
Azerbaijan,Russian Federation,Imports,518684,1487.0,348.8123739071957
Azerbaijan,Ukraine,Imports,7898,57.0,138.56140350877192
Bahrain,Belgium,Imports,3152431,3846.0,819.6648465938638
Bahrain,Bulgaria,Imports,818,7.0,116.85714285714286
Bahrain,Germany,Imports,66229,90.0,735.8777777777777
Bahrain,India,Imports,60095,452.0,132.95353982300884
Bahrain,Ireland,Imports,1537724,725.0,2120.998620689655
Bahrain,Netherlands,Imports,238697,223.0,1070.3901345291479
Bahrain,Saudi Arabia,Imports,1694555,3390.0,499.8687315634218
Bahrain,Switzerland,Imports,8084,37.0,218.48648648648648
Bahrain,Turkey,Imports,24866,70.0,355.22857142857146
Barbados,Anguilla,Exports,672,4.0,168.0
Barbados,Antigua and Barbuda,Exports,182465,1030.0,177.1504854368932
Barbados,Bahamas,Exports,54894,166.0,330.68674698795184
Barbados,Belgium,Imports,37988,622.0,61.07395498392283
Barbados,Br. Virgin Isds,Exports,28120,72.0,390.55555555555554
Barbados,Canada,Imports,3011,65.0,46.323076923076925
Barbados,Cayman Isds,Exports,11854,23.0,515.3913043478261
Barbados,Dominica,Exports,20480,107.0,191.4018691588785
Barbados,France,Imports,212186,1194.0,177.7102177554439
Barbados,Germany,Imports,7322,21.0,348.6666666666667
Barbados,Grenada,Exports,159052,450.0,353.4488888888889
Barbados,India,Imports,24599,118.0,208.46610169491527
Barbados,Indonesia,Imports,3542,24.0,147.58333333333334
Barbados,Ireland,Imports,19938,77.0,258.93506493506493
Barbados,Italy,Imports,94419,732.0,128.9877049180328
Barbados,Netherlands,Imports,22680,104.0,218.07692307692307
Barbados,Rep. of Korea,Imports,19056,52.0,366.46153846153845
Barbados,Saint Kitts and Nevis,Exports,12858,99.0,129.87878787878788
Barbados,Saint Lucia,Exports,51557,291.0,177.17182130584192
Barbados,Saint Vincent and the Grenadines,Exports,36370,250.0,145.48
Barbados,United Kingdom,Imports,51826,314.0,165.05095541401275
Barbados,United States of America,Imports,440824,2072.0,212.75289575289574
Belarus,Belgium,Imports,1109700,1389.0,798.9200863930886
Belarus,China,Imports,220700,12.0,18391.666666666668
Belarus,Cuba,Imports,30300,135.0,224.44444444444446
Belarus,France,Imports,4098200,8690.0,471.5995397008055
Belarus,Ireland,Imports,56100,26.0,2157.6923076923076
Belarus,Netherlands,Imports,324700,177.0,1834.4632768361582
Belarus,Rep. of Korea,Imports,154300,834.0,185.01199040767386
Belarus,Russian Federation,Exports,2400,5.0,480.0
Belarus,Russian Federation,Imports,7536800,21487.0,350.76092521059246
Belarus,United States of America,Imports,33100,6.0,5516.666666666667
Belgium,Afghanistan,Exports,26527482,27837.0,952.9576462980924
Belgium,Albania,Exports,770115,578.0,1332.378892733564
Belgium,Algeria,Exports,3025527,6963.0,434.5148642826368
Belgium,Angola,Exports,9660187,3611.0,2675.211021877596
Belgium,Anguilla,Exports,8158,6.0,1359.6666666666667
Belgium,Argentina,Exports,48328803,30613.0,1578.7019566850684
Belgium,Armenia,Exports,1942978,2512.0,773.4785031847134
Belgium,Aruba,Exports,41674,39.0,1068.5641025641025
Belgium,Australia,Exports,108896845,133566.0,815.3036326610065
Belgium,Austria,Exports,25106195,22384.0,1121.613429235168
Belgium,Austria,Imports,36471594,20479.0,1780.9265100835003
Belgium,Azerbaijan,Exports,3261331,3599.0,906.1769936093359
Belgium,Bahamas,Exports,143193,229.0,625.296943231441
Belgium,Bahrain,Exports,2877691,3891.0,739.5762014906194
Belgium,Bangladesh,Exports,45307193,47554.0,952.752512932666
Belgium,Barbados,Exports,73215,70.0,1045.9285714285713
Belgium,Belarus,Exports,16485,8.0,2060.625
Belgium,Benin,Exports,5499744,2072.0,2654.3166023166023
Belgium,Bermuda,Exports,18089,25.0,723.56
Belgium,Bhutan,Exports,189275,71.0,2665.845070422535
Belgium,Bolivia,Exports,5986168,7058.0,848.1394162652309
Belgium,Botswana,Exports,2935240,1422.0,2064.1631504922643
Belgium,Br. Virgin Isds,Exports,2455,3.0,818.3333333333334
Belgium,Brazil,Exports,278058099,220224.0,1262.6148784873583
Belgium,Brazil,Imports,417,5.0,83.4
Belgium,Bulgaria,Exports,14010735,13591.0,1030.8833051283939
Belgium,Burkina Faso,Exports,15827766,9435.0,1677.5586645468998
Belgium,Burundi,Exports,6780764,5262.0,1288.628658304827
Belgium,Cambodia,Exports,4956673,5452.0,909.147652237711
Belgium,Cameroon,Exports,15530260,12455.0,1246.9096748293857
Belgium,Canada,Exports,80508529,82449.0,976.464590231537
Belgium,Canada,Imports,26525576,11645.0,2277.851094890511
Belgium,Cayman Isds,Exports,22608,21.0,1076.5714285714287
Belgium,Central African Rep.,Exports,2857689,3289.0,868.8625722103983
Belgium,Chile,Exports,14863697,32991.0,450.53793458822105
Belgium,Chile,Imports,130,0.0,0.0
Belgium,China,Exports,27172307,35849.0,757.9655499456052
Belgium,China,Imports,1715,20.0,85.75
Belgium,"China, Hong Kong SAR",Exports,9448875,19178.0,492.693450829075
Belgium,"China, Hong Kong SAR",Imports,213,0.0,0.0
Belgium,Colombia,Exports,44002751,44885.0,980.3442352679069
Belgium,Congo,Exports,2470692,4721.0,523.3408176233849
Belgium,Costa Rica,Exports,1976985,2795.0,707.3291592128802
Belgium,Croatia,Exports,1754926,4472.0,392.425313059034
Belgium,Cuba,Exports,7016,7.0,1002.2857142857143
Belgium,Curaçao,Exports,12343,5.0,2468.6
Belgium,Cyprus,Exports,6650528,7668.0,867.3093375065206
Belgium,Czech Rep.,Exports,28111641,22949.0,1224.9614798030416
Belgium,Côte d'Ivoire,Exports,7328656,2812.0,2606.2076813655763
Belgium,Dem.Rep. of the Congo,Exports,62369115,40359.0,1545.358284397532
Belgium,Denmark,Exports,4535104,6067.0,747.5035437613318
Belgium,Djibouti,Exports,638659,728.0,877.2788461538462
Belgium,Dominican Rep.,Exports,8079461,9269.0,871.6647966339411
Belgium,Ecuador,Exports,15310925,15371.0,996.0916661245202
Belgium,Ecuador,Imports,201,0.0,0.0
Belgium,Egypt,Exports,12604831,11106.0,1134.9568701602736
Belgium,El Salvador,Exports,4386922,2937.0,1493.6744977868573
Belgium,Eritrea,Exports,2218635,2099.0,1056.9961886612673
Belgium,Estonia,Exports,1620446,1646.0,984.4750911300122
Belgium,Ethiopia,Exports,33978002,67592.0,502.6926559356137
Belgium,Fiji,Exports,1298022,3054.0,425.0235756385069
Belgium,Finland,Exports,17014947,11966.0,1421.9410830686945
Belgium,Finland,Imports,359762,132.0,2725.469696969697
Belgium,France,Exports,560262776,882813.0,634.6335815172636
Belgium,France,Imports,1548072492,6794969.0,227.8262773531417
Belgium,Gabon,Exports,1222,67.0,18.238805970149254
Belgium,Gambia,Exports,1371840,1271.0,1079.33910306845
Belgium,Georgia,Exports,1279199,1915.0,667.9890339425588
Belgium,Germany,Exports,438952795,264487.0,1659.6384510391815
Belgium,Germany,Imports,325585386,460523.0,706.9904999315995
Belgium,Ghana,Exports,21335941,22087.0,965.995427174356
Belgium,Greece,Exports,26379613,45864.0,575.1703514739229
Belgium,Guatemala,Exports,10200432,12978.0,785.9787332408691
Belgium,Guinea,Exports,238204,228.0,1044.7543859649122
Belgium,Guinea-Bissau,Exports,645251,727.0,887.5529573590096
Belgium,Guyana,Exports,229560,388.0,591.6494845360825
Belgium,Haiti,Exports,2718341,4708.0,577.3876380628717
Belgium,Honduras,Exports,2731710,7970.0,342.7490589711418
Belgium,Hungary,Exports,7300248,21522.0,339.199330917201
Belgium,Hungary,Imports,2638941,2326.0,1134.5404127257093
Belgium,India,Exports,137598931,159233.0,864.1357695954985
Belgium,India,Imports,613,7.0,87.57142857142857
Belgium,Indonesia,Exports,11308353,24617.0,459.3716943575578
Belgium,Indonesia,Imports,15,0.0,0.0
Belgium,Iran,Exports,3188394,2884.0,1105.5457697642164
Belgium,Iraq,Exports,2633530,10314.0,255.33546635640877
Belgium,Ireland,Exports,84443971,43671.0,1933.6395090563533
Belgium,Ireland,Imports,3534409037,18253.0,193634.4182874048
Belgium,Israel,Exports,19716705,28734.0,686.1803090415535
Belgium,Israel,Imports,42,0.0,0.0
Belgium,Italy,Exports,125795467,484691.0,259.537451696029
Belgium,Italy,Imports,978447,7564.0,129.3557641459545
Belgium,Jamaica,Exports,124664,101.0,1234.2970297029703
Belgium,Japan,Exports,58085841,25324.0,2293.7071947559625
Belgium,Japan,Imports,2557,1.0,2557.0
Belgium,Jordan,Exports,15224466,19259.0,790.5117607352406
Belgium,Kazakhstan,Exports,4470721,9438.0,473.693685102776
Belgium,Kenya,Exports,16117551,32424.0,497.0870651369356
Belgium,Kiribati,Exports,25983,27.0,962.3333333333334
Belgium,Kuwait,Exports,4073539,10378.0,392.516766236269
Belgium,Kyrgyzstan,Exports,1941877,2169.0,895.2867680958967
Belgium,Lao People's Dem. Rep.,Exports,2030436,1371.0,1480.9890590809628
Belgium,Latvia,Exports,5217469,2409.0,2165.8235782482357
Belgium,Lebanon,Exports,7138014,11286.0,632.4662413609782
Belgium,Lesotho,Exports,667476,629.0,1061.1701112877583
Belgium,Liberia,Exports,3452720,3012.0,1146.3213811420983
Belgium,Libya,Exports,131847,8976.0,14.688836898395722
Belgium,Lithuania,Exports,6221933,7462.0,833.8157330474404
Belgium,Luxembourg,Exports,4565658,2102.0,2172.054234062797
Belgium,Luxembourg,Imports,77,1.0,77.0
Belgium,Madagascar,Exports,13904011,16815.0,826.8814154029141
Belgium,Malawi,Exports,9777826,11532.0,847.886403052376
Belgium,Malaysia,Exports,14329262,35082.0,408.4505444387435
Belgium,Malaysia,Imports,77,3.0,25.666666666666668
Belgium,Mali,Exports,9756418,5910.0,1650.8321489001692
Belgium,Malta,Exports,2872791,3327.0,863.477908025248
Belgium,Mauritania,Exports,2860073,3076.0,929.8026657997399
Belgium,Mauritius,Exports,1592371,2264.0,703.3440812720848
Belgium,Mexico,Exports,24100838,34403.0,700.5446618027497
Belgium,Mongolia,Exports,1281079,1228.0,1043.2239413680782
Belgium,Morocco,Exports,22487159,52594.0,427.56129976803436
Belgium,Mozambique,Exports,15084993,13308.0,1133.5281785392244
Belgium,Myanmar,Exports,16290294,10311.0,1579.8946755891766
Belgium,Namibia,Exports,3270956,2297.0,1424.0121898127993
Belgium,Nepal,Exports,9098144,7461.0,1219.4268864763437
Belgium,Netherlands,Exports,143191868,384905.0,372.01872669879583
Belgium,Netherlands,Imports,166725905,368617.0,452.30118252820677
Belgium,New Zealand,Exports,14594419,23522.0,620.4582518493326
Belgium,Nicaragua,Exports,4522752,7574.0,597.1418008978083
Belgium,Niger,Exports,17661569,21963.0,804.1510267267678
Belgium,Nigeria,Exports,59566841,78820.0,755.7325678761736
Belgium,Norway,Exports,2616850,3243.0,806.9226025285229
Belgium,Oman,Exports,2154794,3923.0,549.2719857252102
Belgium,"Other Asia, nes",Exports,15355791,19083.0,804.6843263637793
Belgium,"Other Asia, nes",Imports,318,5.0,63.6
Belgium,Pakistan,Exports,105972342,218479.0,485.04589457110296
Belgium,Panama,Exports,10953279,18816.0,582.1257971938776
Belgium,Papua New Guinea,Exports,5363218,5141.0,1043.2246644621669
Belgium,Paraguay,Exports,3285331,3227.0,1018.0759219088937
Belgium,Peru,Exports,25970265,35936.0,722.6810162511131
Belgium,Philippines,Exports,69949019,60204.0,1161.866636768321
Belgium,Poland,Exports,106838055,100722.0,1060.7221361768036
Belgium,Portugal,Exports,15047044,13129.0,1146.0921623886054
Belgium,Qatar,Exports,4345941,7768.0,559.4671730175078
Belgium,Rep. of Korea,Exports,36102705,70291.0,513.6177462264017
Belgium,Rep. of Korea,Imports,70,0.0,0.0
Belgium,Rep. of Moldova,Exports,928039,1308.0,709.5099388379205
Belgium,Romania,Exports,16556543,14943.0,1107.979856789132
Belgium,Russian Federation,Exports,71937792,7695.0,9348.640935672514
Belgium,Rwanda,Exports,8079198,9807.0,823.8195166717651
Belgium,Saint Lucia,Exports,1289,1.0,1289.0
Belgium,Saint Vincent and the Grenadines,Exports,22795,15.0,1519.6666666666667
Belgium,Sao Tome and Principe,Exports,177134,188.0,942.2021276595744
Belgium,Saudi Arabia,Exports,60395354,49026.0,1231.904581242606
Belgium,Senegal,Exports,14205069,16837.0,843.681712894221
Belgium,Seychelles,Exports,63968,52.0,1230.1538461538462
Belgium,Sierra Leone,Exports,5826505,5990.0,972.7053422370618
Belgium,Singapore,Exports,14253653,20916.0,681.4712660164467
Belgium,Singapore,Imports,141815053,20838.0,6805.598090027834
Belgium,Sint Maarten (Dutch part),Exports,10684,10.0,1068.4
Belgium,Slovakia,Exports,16731166,12370.0,1352.5599029911075
Belgium,Slovenia,Exports,2621313,4720.0,555.3629237288136
Belgium,Solomon Isds,Exports,475029,444.0,1069.8851351351352
Belgium,South Africa,Exports,19059447,34789.0,547.8584322630717
Belgium,South Sudan,Exports,34688,78.0,444.71794871794873
Belgium,Spain,Exports,56824737,102379.0,555.0428994227332
Belgium,Spain,Imports,830769,23857.0,34.82286121473781
Belgium,Sri Lanka,Exports,1632017,3676.0,443.96545157780196
Belgium,Sudan,Exports,35483811,46254.0,767.1511869243741
Belgium,Suriname,Exports,98223,73.0,1345.5205479452054
Belgium,Swaziland,Exports,511336,591.0,865.2047377326566
Belgium,Sweden,Exports,38488282,35335.0,1089.2396207726051
Belgium,Switzerland,Exports,15002758,8614.0,1741.6714650568842
Belgium,Switzerland,Imports,2204346,6458.0,341.3357076494271
Belgium,Syria,Exports,178,550.0,0.3236363636363636
Belgium,Tajikistan,Exports,1206255,3587.0,336.28519654307223
Belgium,Thailand,Exports,27453639,38398.0,714.975753945518
Belgium,Togo,Exports,5945517,5126.0,1159.8745610612564
Belgium,Trinidad and Tobago,Exports,286131,265.0,1079.7396226415094
Belgium,Tunisia,Exports,8277000,11479.0,721.0558411011413
Belgium,Turkey,Exports,95464831,132386.0,721.1097170395661
Belgium,Turkey,Imports,114,6.0,19.0
Belgium,Turkmenistan,Exports,162606,799.0,203.5118898623279
Belgium,Turks and Caicos Isds,Exports,6130,4.0,1532.5
Belgium,Uganda,Exports,15336407,26388.0,581.1886842504168
Belgium,Ukraine,Exports,16595812,21403.0,775.3965331962809
Belgium,Ukraine,Imports,1162,27.0,43.03703703703704
Belgium,United Arab Emirates,Exports,23384954,34896.0,670.1327945896378
Belgium,United Arab Emirates,Imports,213,3.0,71.0
Belgium,United Kingdom,Exports,217945228,384034.0,567.5154491529396
Belgium,United Kingdom,Imports,21255115,18175.0,1169.4698762035764
Belgium,United Rep. of Tanzania,Exports,33045018,39575.0,834.9972962728996
Belgium,United States of America,Exports,2008260277,807317.0,2487.573378239279
Belgium,United States of America,Imports,794910250,551182.0,1442.191962001662
Belgium,Uruguay,Exports,3271243,2653.0,1233.0354315868829
Belgium,Uzbekistan,Exports,20350018,27026.0,752.9792792126101
Belgium,Vanuatu,Exports,67593,20.0,3379.65
Belgium,Viet Nam,Exports,35000515,43326.0,807.8409038452661
Belgium,Yemen,Exports,22698875,24772.0,916.3117632811238
Belgium,Zambia,Exports,10360723,14393.0,719.84457722504
Belgium,Zimbabwe,Exports,18381382,16342.0,1124.7939052747522
Belize,France,Imports,10820,166.0,65.18072289156626
Belize,India,Imports,86337,1856.0,46.517780172413794
Belize,Netherlands,Imports,9438,83.0,113.71084337349397
Belize,Rep. of Korea,Imports,54346,307.0,177.02280130293158
Belize,United States of America,Imports,18161,32.0,567.53125
Benin,Burkina Faso,Imports,33474,953.0,35.12486883525708
Benin,Denmark,Imports,4635468,9008.0,514.5945825932505
Benin,France,Imports,1105760,9871.0,112.02107182656266
Benin,Germany,Imports,7833,12.0,652.75
Benin,India,Imports,2007106,33291.0,60.28974797993452
Benin,Italy,Imports,7271,70.0,103.87142857142857
Benin,Senegal,Imports,142885,416.0,343.4735576923077
Benin,United States of America,Imports,35676,468.0,76.23076923076923
Bermuda,Barbados,Imports,3031,78.0,38.85897435897436
Bermuda,Belgium,Imports,6270,54.0,116.11111111111111
Bermuda,Canada,Imports,15360,37.0,415.13513513513516
Bermuda,France,Imports,116182,627.0,185.2982456140351
Bermuda,India,Imports,369,47.0,7.851063829787234
Bermuda,Italy,Imports,6090,20.0,304.5
Bermuda,Netherlands,Imports,200,28.0,7.142857142857143
Bermuda,Panama,Imports,1099,32.0,34.34375
Bermuda,United Kingdom,Imports,16993,61.0,278.57377049180326
Bermuda,United States of America,Imports,109671,1369.0,80.11029948867787
Bolivia,Argentina,Imports,146347,748.0,195.65106951871658
Bolivia,Australia,Imports,57295,288.0,198.94097222222223
Bolivia,Belgium,Imports,2209970,12602.0,175.36660847484526
Bolivia,Brazil,Imports,2747,1.0,2747.0
Bolivia,Canada,Imports,115203,68.0,1694.1617647058824
Bolivia,China,Imports,473,0.0,0.0
Bolivia,Dominican Rep.,Imports,215,9.0,23.88888888888889
Bolivia,France,Imports,3392861,6463.0,524.9668884419001
Bolivia,India,Imports,3699372,41501.0,89.13934603985446
Bolivia,Ireland,Imports,108341,66.0,1641.530303030303
Bolivia,Japan,Imports,2001,0.0,0.0
Bolivia,Netherlands,Imports,547742,2060.0,265.8941747572816
Bolivia,Rep. of Korea,Imports,188767,1518.0,124.35243741765481
Bolivia,Switzerland,Imports,93873,179.0,524.4301675977654
Bolivia,United States of America,Imports,4282848,14973.0,286.038068523342
Bosnia Herzegovina,Belgium,Imports,547861,1522.0,359.96123521682
Bosnia Herzegovina,Cuba,Imports,32173,13.0,2474.846153846154
Bosnia Herzegovina,France,Imports,2821093,5497.0,513.2059305075496
Bosnia Herzegovina,India,Exports,7531,0.0,0.0
Bosnia Herzegovina,Ireland,Imports,786,30.0,26.2
Bosnia Herzegovina,Italy,Imports,1271,13.0,97.76923076923077
Bosnia Herzegovina,Netherlands,Imports,2988,1.0,2988.0
Bosnia Herzegovina,Poland,Imports,265686,293.0,906.7781569965871
Bosnia Herzegovina,Rep. of Korea,Imports,107423,511.0,210.2211350293542
Bosnia Herzegovina,Serbia,Exports,13393,25.0,535.72
Bosnia Herzegovina,Serbia,Imports,181418,421.0,430.92161520190024
Bosnia Herzegovina,United States of America,Imports,16738,16.0,1046.125
Botswana,France,Imports,101008,238.0,424.4033613445378
Botswana,India,Imports,29772,386.0,77.12953367875647
Botswana,Kenya,Imports,5554,290.0,19.151724137931033
Botswana,Namibia,Exports,338189,50000.0,6.76378
Botswana,Namibia,Imports,44,5.0,8.8
Botswana,Netherlands,Imports,8808,13.0,677.5384615384615
Botswana,Rep. of Korea,Imports,5194,84.0,61.833333333333336
Botswana,South Africa,Imports,10943,755.0,14.494039735099339
Botswana,Switzerland,Imports,6717,16.0,419.8125
Botswana,United States of America,Imports,253,44.0,5.75
Brazil,Angola,Exports,76374,82.0,931.390243902439
Brazil,Argentina,Exports,13121705,3113.0,4215.13170575008
Brazil,Bahamas,Exports,71,1.0,71.0
Brazil,Belgium,Imports,263798874,193069.0,1366.3450579844512
Brazil,Bulgaria,Imports,842,4.0,210.5
Brazil,Canada,Exports,64,36.0,1.7777777777777777
Brazil,Canada,Imports,1873382,2315.0,809.2362850971922
Brazil,Chile,Exports,340646,95.0,3585.7473684210527
Brazil,France,Imports,59297167,73144.0,810.6907880345619
Brazil,Germany,Exports,19620,24.0,817.5
Brazil,Germany,Imports,5839525,26544.0,219.99416063893912
Brazil,India,Imports,34726308,231122.0,150.250984328623
Brazil,Ireland,Exports,30,0.0,0.0
Brazil,Ireland,Imports,13869932,12624.0,1098.6955006337137
Brazil,Italy,Imports,99564375,112746.0,883.0856527060827
Brazil,Liberia,Exports,70,1.0,70.0
Brazil,Netherlands,Imports,2769164,868.0,3190.2811059907835
Brazil,Rep. of Korea,Imports,18642938,77005.0,242.10035711966756
Brazil,United Kingdom,Exports,36,0.0,0.0
Brazil,United States of America,Imports,149945129,146002.0,1027.0073629128367
Brunei Darussalam,Germany,Imports,5449,15.0,363.26666666666665
Brunei Darussalam,India,Imports,77558,2433.0,31.877517468146323
Brunei Darussalam,Malaysia,Exports,14056,212.0,66.30188679245283
Brunei Darussalam,Malaysia,Imports,719121,25149.0,28.594417273052606
Brunei Darussalam,Singapore,Imports,99781,1483.0,67.2832097100472
Brunei Darussalam,Thailand,Imports,29,1.0,29.0
Brunei Darussalam,United Kingdom,Imports,31693,64.0,495.203125
Bulgaria,Afghanistan,Exports,143952,3945.0,36.48973384030418
Bulgaria,Albania,Exports,37614,335.0,112.28059701492538
Bulgaria,Albania,Imports,5580,7.0,797.1428571428571
Bulgaria,Algeria,Exports,388282,2190.0,177.29771689497716
Bulgaria,Argentina,Exports,38607,474.0,81.4493670886076
Bulgaria,Armenia,Exports,23883,407.0,58.680589680589684
Bulgaria,Azerbaijan,Exports,220732,1044.0,211.42911877394636
Bulgaria,Bangladesh,Exports,816055,11629.0,70.17413363143865
Bulgaria,Belarus,Exports,2149494,2716.0,791.418998527246
Bulgaria,Belgium,Exports,396695,2345.0,169.16631130063965
Bulgaria,Belgium,Imports,22699212,25791.0,880.1214377108294
Bulgaria,Bosnia Herzegovina,Exports,423874,1209.0,350.5988420181969
Bulgaria,Brazil,Exports,359,1.0,359.0
Bulgaria,Chad,Exports,61228,1729.0,35.412377096587626
Bulgaria,Chile,Exports,636,5.0,127.2
Bulgaria,China,Exports,77145,764.0,100.97513089005236
Bulgaria,"China, Hong Kong SAR",Exports,64946,408.0,159.1813725490196
Bulgaria,Comoros,Exports,4300,93.0,46.236559139784944
Bulgaria,Congo,Exports,8415,72.0,116.875
Bulgaria,Cyprus,Exports,5611068,3124.0,1796.1165172855315
Bulgaria,Cyprus,Imports,15002,8.0,1875.25
Bulgaria,Czech Rep.,Exports,59270,28.0,2116.785714285714
Bulgaria,Djibouti,Exports,2987,84.0,35.55952380952381
Bulgaria,Ecuador,Exports,6973,64.0,108.953125
Bulgaria,El Salvador,Exports,771,16.0,48.1875
Bulgaria,Eritrea,Exports,44433,619.0,71.78190630048465
Bulgaria,France,Exports,41704,70.0,595.7714285714286
Bulgaria,France,Imports,407772,575.0,709.1686956521739
Bulgaria,Gabon,Exports,4932,100.0,49.32
Bulgaria,Georgia,Exports,153375,609.0,251.84729064039408
Bulgaria,Germany,Exports,80797,37.0,2183.7027027027025
Bulgaria,Gibraltar,Exports,169180,64.0,2643.4375
Bulgaria,Grenada,Exports,280,5.0,56.0
Bulgaria,Guatemala,Exports,6351,61.0,104.11475409836065
Bulgaria,Guinea,Exports,284792,6376.0,44.66624843161857
Bulgaria,Guinea-Bissau,Exports,9829,181.0,54.30386740331492
Bulgaria,Guyana,Exports,481,10.0,48.1
Bulgaria,Haiti,Exports,6819,18.0,378.8333333333333
Bulgaria,Hungary,Imports,1426132,1941.0,734.7408552292633
Bulgaria,Israel,Exports,287406,1228.0,234.04397394136808
Bulgaria,Italy,Imports,210418,270.0,779.325925925926
Bulgaria,Kenya,Exports,81522,1912.0,42.63702928870293
Bulgaria,Kuwait,Exports,271046,1217.0,222.7165160230074
Bulgaria,Kyrgyzstan,Exports,68537,1317.0,52.040242976461656
Bulgaria,Lebanon,Exports,16471,334.0,49.31437125748503
Bulgaria,Lesotho,Exports,14130,353.0,40.02832861189802
Bulgaria,Liberia,Exports,12780,260.0,49.15384615384615
Bulgaria,Malawi,Exports,117340,1052.0,111.53992395437263
Bulgaria,Mali,Exports,27350,233.0,117.38197424892704
Bulgaria,Malta,Exports,3813836,2106.0,1810.9382716049383
Bulgaria,Mauritania,Exports,15607,358.0,43.59497206703911
Bulgaria,Mauritius,Exports,269,5.0,53.8
Bulgaria,Mongolia,Exports,18246,269.0,67.82899628252788
Bulgaria,Montenegro,Exports,127307,247.0,515.4129554655871
Bulgaria,Morocco,Exports,128955,1952.0,66.06301229508196
Bulgaria,Myanmar,Exports,51493,1055.0,48.808530805687205
Bulgaria,Netherlands,Exports,131078,142.0,923.0845070422536
Bulgaria,Netherlands,Imports,822250,32893.0,24.997719879609644
Bulgaria,Nicaragua,Exports,13600,145.0,93.79310344827586
Bulgaria,Niger,Exports,96053,2109.0,45.544333807491704
Bulgaria,Nigeria,Exports,368936,3855.0,95.70324254215305
Bulgaria,Norway,Exports,4038,32.0,126.1875
Bulgaria,Oman,Exports,3248,17.0,191.05882352941177
Bulgaria,Pakistan,Exports,151450,3959.0,38.254609749936854
Bulgaria,Papua New Guinea,Exports,45604,387.0,117.83979328165374
Bulgaria,Rep. of Korea,Exports,3179271,8752.0,363.26222577696524
Bulgaria,Rep. of Moldova,Exports,389887,1144.0,340.81031468531467
Bulgaria,Romania,Exports,1335392,2475.0,539.5523232323233
Bulgaria,Sao Tome and Principe,Exports,966,21.0,46.0
Bulgaria,Saudi Arabia,Exports,6028,15.0,401.8666666666667
Bulgaria,Senegal,Exports,20975,35.0,599.2857142857143
Bulgaria,Serbia,Exports,3043270,2993.0,1016.795856999666
Bulgaria,Singapore,Exports,51347,105.0,489.0190476190476
Bulgaria,Slovakia,Exports,3285,4.0,821.25
Bulgaria,Slovenia,Exports,1964,3.0,654.6666666666666
Bulgaria,Sudan,Exports,31155,838.0,37.17780429594272
Bulgaria,Suriname,Exports,483,10.0,48.3
Bulgaria,Switzerland,Imports,333233,935.0,356.3989304812834
Bulgaria,Syria,Exports,154455,3268.0,47.262851897184824
Bulgaria,TFYR of Macedonia,Exports,284005,1314.0,216.1377473363775
Bulgaria,Timor-Leste,Exports,1142,23.0,49.65217391304348
Bulgaria,Togo,Exports,7126,60.0,118.76666666666667
Bulgaria,Turkey,Exports,4235637,7779.0,544.4963362900115
Bulgaria,Turkmenistan,Exports,81869,1307.0,62.638867635807195
Bulgaria,Uganda,Exports,367547,8062.0,45.590052096254034
Bulgaria,Ukraine,Exports,112226,1215.0,92.36707818930041
Bulgaria,United Rep. of Tanzania,Exports,202341,3650.0,55.435890410958905
Bulgaria,Uzbekistan,Exports,124237,96.0,1294.1354166666667
Bulgaria,Viet Nam,Exports,7109,6.0,1184.8333333333333
Bulgaria,Yemen,Exports,288792,6328.0,45.63716814159292
Bulgaria,Zambia,Exports,45332,346.0,131.01734104046244
Bulgaria,Zimbabwe,Exports,35850,299.0,119.89966555183946
Canada,Anguilla,Exports,2033,0.0,0.0
Canada,Argentina,Exports,2425498,0.0,0.0
Canada,Australia,Exports,5578364,0.0,0.0
Canada,Austria,Imports,4920217,0.0,0.0
Canada,Barbados,Exports,4226,0.0,0.0
Canada,Belgium,Exports,24475670,0.0,0.0
Canada,Belgium,Imports,80807616,0.0,0.0
Canada,Bermuda,Exports,12871,0.0,0.0
Canada,Bolivia,Exports,62532,0.0,0.0
Canada,Brazil,Exports,1592387,0.0,0.0
Canada,Bulgaria,Imports,5,0.0,0.0
Canada,Cambodia,Exports,14215,0.0,0.0
Canada,Canada,Imports,16618670,0.0,0.0
Canada,Cayman Isds,Exports,13773,0.0,0.0
Canada,Chile,Exports,66018,0.0,0.0
Canada,China,Imports,1727657,0.0,0.0
Canada,"China, Hong Kong SAR",Exports,347513,0.0,0.0
Canada,Colombia,Exports,157359,0.0,0.0
Canada,Colombia,Imports,74,0.0,0.0
Canada,Costa Rica,Exports,123041,0.0,0.0
Canada,Denmark,Imports,7302,0.0,0.0
Canada,Dominican Rep.,Exports,104780,0.0,0.0
Canada,Ecuador,Exports,91227,0.0,0.0
Canada,El Salvador,Exports,119479,0.0,0.0
Canada,France,Exports,32433983,0.0,0.0
Canada,France,Imports,27276218,0.0,0.0
Canada,Georgia,Exports,2145,0.0,0.0
Canada,Germany,Exports,3173,0.0,0.0
Canada,Germany,Imports,2432,0.0,0.0
Canada,Guatemala,Exports,5074040,0.0,0.0
Canada,Haiti,Exports,109840,0.0,0.0
Canada,Honduras,Exports,28555,0.0,0.0
Canada,India,Exports,40304,0.0,0.0
Canada,India,Imports,4211,0.0,0.0
Canada,Indonesia,Exports,1994808,0.0,0.0
Canada,Ireland,Imports,60719000,0.0,0.0
Canada,Israel,Exports,5867412,0.0,0.0
Canada,Israel,Imports,79017,0.0,0.0
Canada,Italy,Imports,144110,0.0,0.0
Canada,Japan,Imports,18713,0.0,0.0
Canada,Jordan,Exports,41633,0.0,0.0
Canada,Malaysia,Exports,56036,0.0,0.0
Canada,Mexico,Exports,8319252,0.0,0.0
Canada,Netherlands,Imports,3061934,0.0,0.0
Canada,"Other Asia, nes",Exports,4518007,0.0,0.0
Canada,Panama,Exports,1964793,0.0,0.0
Canada,Paraguay,Exports,1496879,0.0,0.0
Canada,Peru,Exports,88648,0.0,0.0
Canada,Philippines,Exports,192662,0.0,0.0
Canada,Qatar,Exports,16366,0.0,0.0
Canada,Rep. of Korea,Exports,4230643,0.0,0.0
Canada,Rep. of Korea,Imports,982,0.0,0.0
Canada,Russian Federation,Exports,3860401,0.0,0.0
Canada,Saudi Arabia,Exports,101377,0.0,0.0
Canada,Senegal,Imports,123,0.0,0.0
Canada,Singapore,Exports,13101,0.0,0.0
Canada,Suriname,Exports,15174,0.0,0.0
Canada,Sweden,Imports,16166398,0.0,0.0
Canada,Switzerland,Imports,160368401,0.0,0.0
Canada,Thailand,Exports,249629,0.0,0.0
Canada,Trinidad and Tobago,Exports,42502,0.0,0.0
Canada,Turkey,Exports,31669,0.0,0.0
Canada,United Arab Emirates,Exports,851256,0.0,0.0
Canada,United Kingdom,Exports,134967,0.0,0.0
Canada,United Kingdom,Imports,187961,0.0,0.0
Canada,United States of America,Exports,463228317,0.0,0.0
Canada,United States of America,Imports,133450782,0.0,0.0
Canada,Uruguay,Exports,2835,0.0,0.0
Canada,Viet Nam,Exports,370623,0.0,0.0
Chile,Argentina,Imports,3893,25.0,155.72
Chile,Austria,Imports,5089,9.0,565.4444444444445
Chile,Belgium,Imports,10482456,22898.0,457.78915189099484
Chile,Brazil,Imports,75879,363.0,209.03305785123968
Chile,Bulgaria,Imports,7025,8.0,878.125
Chile,Canada,Imports,66024,53.0,1245.7358490566037
Chile,China,Imports,378,6.0,63.0
Chile,Colombia,Imports,104,1.0,104.0
Chile,Cuba,Imports,45309,334.0,135.6556886227545
Chile,France,Imports,19993729,31902.0,626.7233715754498
Chile,Germany,Imports,775995,3364.0,230.67627824019024
Chile,India,Imports,4535865,25315.0,179.1769701757851
Chile,Ireland,Imports,4455158,6576.0,677.4875304136253
Chile,Italy,Imports,2874147,3187.0,901.8346407279573
Chile,Netherlands,Imports,10381243,17661.0,587.8060698714683
Chile,Rep. of Korea,Imports,783287,2261.0,346.4338788146838
Chile,Spain,Imports,19050,38.0,501.3157894736842
Chile,Switzerland,Imports,646408,479.0,1349.4947807933195
Chile,United Kingdom,Imports,205037,757.0,270.8546895640687
Chile,United States of America,Imports,5908417,16811.0,351.4613645827137
"China, Hong Kong SAR",Australia,Exports,136399,0.0,0.0
"China, Hong Kong SAR",Australia,Imports,26191,0.0,0.0
"China, Hong Kong SAR",Belgium,Exports,4446,0.0,0.0
"China, Hong Kong SAR",Belgium,Imports,10144862,0.0,0.0
"China, Hong Kong SAR",Bulgaria,Imports,87599,0.0,0.0
"China, Hong Kong SAR",Canada,Exports,235470,0.0,0.0
"China, Hong Kong SAR",Canada,Imports,1200453,0.0,0.0
"China, Hong Kong SAR",China,Exports,6829493,0.0,0.0
"China, Hong Kong SAR",China,Imports,8645,0.0,0.0
"China, Hong Kong SAR","China, Macao SAR",Exports,9932117,0.0,0.0
"China, Hong Kong SAR",Denmark,Imports,173469,0.0,0.0
"China, Hong Kong SAR",France,Exports,409,0.0,0.0
"China, Hong Kong SAR",France,Imports,11836489,0.0,0.0
"China, Hong Kong SAR",Germany,Exports,36993,0.0,0.0
"China, Hong Kong SAR",Germany,Imports,20479148,0.0,0.0
"China, Hong Kong SAR",India,Exports,2929070,0.0,0.0
"China, Hong Kong SAR",India,Imports,258362,0.0,0.0
"China, Hong Kong SAR",Indonesia,Exports,1226,0.0,0.0
"China, Hong Kong SAR",Indonesia,Imports,419127,0.0,0.0
"China, Hong Kong SAR",Israel,Imports,99092,0.0,0.0
"China, Hong Kong SAR",Italy,Imports,414993,0.0,0.0
"China, Hong Kong SAR",Japan,Exports,1470765,0.0,0.0
"China, Hong Kong SAR",Latvia,Imports,51396,0.0,0.0
"China, Hong Kong SAR",Lithuania,Imports,36245,0.0,0.0
"China, Hong Kong SAR",Malta,Exports,27723,0.0,0.0
"China, Hong Kong SAR",Malta,Imports,140145,0.0,0.0
"China, Hong Kong SAR",Netherlands,Exports,134587,0.0,0.0
"China, Hong Kong SAR",Netherlands,Imports,87134856,0.0,0.0
"China, Hong Kong SAR",Nigeria,Exports,168379,0.0,0.0
"China, Hong Kong SAR",Pakistan,Exports,72611,0.0,0.0
"China, Hong Kong SAR",Rep. of Korea,Imports,13858,0.0,0.0
"China, Hong Kong SAR",Singapore,Exports,1814118,0.0,0.0
"China, Hong Kong SAR",Singapore,Imports,630343,0.0,0.0
"China, Hong Kong SAR",Slovakia,Imports,79985,0.0,0.0
"China, Hong Kong SAR",Switzerland,Imports,394908,0.0,0.0
"China, Hong Kong SAR",Thailand,Imports,2428196,0.0,0.0
"China, Hong Kong SAR",Turkey,Imports,3965,0.0,0.0
"China, Hong Kong SAR",United Arab Emirates,Exports,79274,0.0,0.0
"China, Hong Kong SAR",United Kingdom,Exports,26222,0.0,0.0
"China, Hong Kong SAR",United Kingdom,Imports,30593099,0.0,0.0
"China, Hong Kong SAR",United States of America,Exports,939,0.0,0.0
"China, Hong Kong SAR",United States of America,Imports,3820836,0.0,0.0
"China, Macao SAR",Belgium,Imports,2956538,20.0,147826.9
"China, Macao SAR",Bulgaria,Imports,87797,70.0,1254.2428571428572
"China, Macao SAR",Canada,Imports,123688,0.0,0.0
"China, Macao SAR","China, Hong Kong SAR",Imports,3445778,1971.0,1748.2384576357179
"China, Macao SAR",France,Imports,740370,134.0,5525.149253731343
"China, Macao SAR",Germany,Imports,1415394,945.0,1497.7714285714285
"China, Macao SAR",Ireland,Imports,914261,4.0,228565.25
"China, Macao SAR",Spain,Imports,24881,0.0,0.0
"China, Macao SAR",Thailand,Imports,39889,10.0,3988.9
"China, Macao SAR",United Kingdom,Imports,109478,2.0,54739.0
"China, Macao SAR",United States of America,Imports,202102,264.0,765.5378787878788
Colombia,Belgium,Imports,48652504,47822.0,1017.3665676885115
Colombia,Bulgaria,Imports,113995,93.0,1225.752688172043
Colombia,Canada,Imports,170771,451.0,378.64966740576494
Colombia,Cuba,Imports,347206,2912.0,119.23282967032966
Colombia,France,Imports,15634938,21114.0,740.5009946007389
Colombia,Germany,Imports,304625,1347.0,226.15070527097254
Colombia,India,Imports,9305572,56648.0,164.2700889704844
Colombia,Ireland,Imports,2418756,2019.0,1197.997028231798
Colombia,Italy,Imports,1614567,1387.0,1164.0713770728191
Colombia,Netherlands,Imports,540874,514.0,1052.284046692607
Colombia,Rep. of Korea,Imports,5884880,8081.0,728.236604380646
Colombia,Spain,Imports,411973,1253.0,328.78930566640065
Colombia,Switzerland,Imports,536084,895.0,598.9765363128491
Colombia,United States of America,Imports,30549330,35185.0,868.2486855193974
Costa Rica,Belgium,Imports,28508,17.0,1676.9411764705883
Costa Rica,France,Imports,342769,380.0,902.0236842105263
Costa Rica,Ireland,Imports,25501,34.0,750.0294117647059
Costa Rica,Panama,Imports,50747,325.0,156.14461538461538
Costa Rica,Rep. of Korea,Imports,22169,90.0,246.32222222222222
Costa Rica,United Kingdom,Imports,2916,7.0,416.57142857142856
Costa Rica,United States of America,Imports,83556,90.0,928.4
Croatia,"Areas, nes",Imports,10696,50.0,213.92
Croatia,France,Imports,6416125,7629.0,841.017826713855
Croatia,Hungary,Exports,22679,36.0,629.9722222222222
Croatia,Hungary,Imports,3168460,2021.0,1567.7684314695696
Croatia,Italy,Imports,2016304,5357.0,376.38678364756396
Croatia,Montenegro,Exports,10559,50.0,211.18
Croatia,Netherlands,Imports,1389960,4557.0,305.0164581961817
Croatia,Poland,Imports,233506,100.0,2335.06
Croatia,Slovakia,Imports,46844,18.0,2602.4444444444443
Croatia,United States of America,Exports,217026,24.0,9042.75
Cyprus,Austria,Imports,285,9.0,31.666666666666668
Cyprus,Bulgaria,Imports,5313962,10425.0,509.7325659472422
Cyprus,France,Imports,483092,5071.0,95.2656280812463
Cyprus,Germany,Imports,3743,20.0,187.15
Cyprus,Greece,Imports,5368810,7559.0,710.2540018520968
Cyprus,Hungary,Imports,692218,6524.0,106.1033108522379
Cyprus,Romania,Imports,2554,5.0,510.8
Cyprus,United Kingdom,Exports,5562,10.0,556.2
Cyprus,United Kingdom,Imports,383,36.0,10.63888888888889
Cyprus,United States of America,Imports,55070,19.0,2898.4210526315787
Czech Rep.,Austria,Imports,13130637,8707.0,1508.055242908005
Czech Rep.,Azerbaijan,Exports,13668,174.0,78.55172413793103
Czech Rep.,Belgium,Imports,25132965,37955.0,662.17797391648
Czech Rep.,Bulgaria,Imports,315905,159.0,1986.8238993710693
Czech Rep.,Denmark,Exports,2619236,1857.0,1410.4663435648897
Czech Rep.,Denmark,Imports,1505116,480.0,3135.6583333333333
Czech Rep.,Estonia,Imports,116824,52.0,2246.6153846153848
Czech Rep.,Finland,Imports,11757,136.0,86.44852941176471
Czech Rep.,France,Imports,15304613,16464.0,929.5804786200194
Czech Rep.,Germany,Exports,11088981,5946.0,1864.9480322906156
Czech Rep.,Germany,Imports,897464,1027.0,873.8695228821811
Czech Rep.,Greece,Imports,8515,14.0,608.2142857142857
Czech Rep.,Hungary,Imports,15547233,16088.0,966.3869343610144
Czech Rep.,India,Imports,124,1.0,124.0
Czech Rep.,Ireland,Exports,7337,21.0,349.3809523809524
Czech Rep.,Ireland,Imports,7025976,2853.0,2462.6624605678235
Czech Rep.,Italy,Imports,3546421,5865.0,604.6753623188406
Czech Rep.,Latvia,Exports,10672,15.0,711.4666666666667
Czech Rep.,Latvia,Imports,333797,171.0,1952.029239766082
Czech Rep.,Lithuania,Imports,327129,175.0,1869.3085714285714
Czech Rep.,Netherlands,Exports,22547,16.0,1409.1875
Czech Rep.,Netherlands,Imports,1775027,1007.0,1762.6881827209534
Czech Rep.,Poland,Exports,88715,18.0,4928.611111111111
Czech Rep.,Poland,Imports,2479875,1872.0,1324.7195512820513
Czech Rep.,Portugal,Imports,1138978,474.0,2402.9071729957805
Czech Rep.,Romania,Imports,273472,193.0,1416.9533678756477
Czech Rep.,Slovakia,Exports,390910,310.0,1261.0
Czech Rep.,Slovakia,Imports,1045016,223.0,4686.170403587444
Czech Rep.,Spain,Imports,301968,134.0,2253.492537313433
Czech Rep.,Switzerland,Imports,442003,497.0,889.3420523138833
Czech Rep.,Ukraine,Exports,11359,1443.0,7.871794871794871
Czech Rep.,United Kingdom,Exports,25179,13.0,1936.8461538461538
Czech Rep.,United Kingdom,Imports,4696546,2912.0,1612.8248626373627
Czech Rep.,United States of America,Imports,8939528,3476.0,2571.7859608745684
Denmark,Australia,Exports,4134292,4231.0,977.1429922004254
Denmark,Australia,Imports,7,5.0,1.4
Denmark,Austria,Exports,1451486,383.0,3789.780678851175
Denmark,Austria,Imports,586389,519.0,1129.8439306358382
Denmark,Belgium,Imports,772605,624.0,1238.1490384615386
Denmark,Bolivia,Exports,1748,10.0,174.8
Denmark,Canada,Exports,5659217,1240.0,4563.884677419355
Denmark,Canada,Imports,2276,25.0,91.04
Denmark,China,Exports,553565,29.0,19088.44827586207
Denmark,"China, Hong Kong SAR",Exports,68277,13.0,5252.076923076923
Denmark,Czech Rep.,Exports,1072667,350.0,3064.7628571428572
Denmark,Czech Rep.,Imports,3102178,2341.0,1325.1507902605724
Denmark,Faeroe Isds,Exports,497340,1628.0,305.4914004914005
Denmark,Finland,Exports,5888925,1343.0,4384.903201787044
Denmark,France,Exports,216627,32.0,6769.59375
Denmark,France,Imports,1602929,877.0,1827.7411630558722
Denmark,Germany,Exports,1759973,1877.0,937.65210442195
Denmark,Germany,Imports,358275,1218.0,294.1502463054187
Denmark,Greenland,Exports,616102,2880.0,213.92430555555555
Denmark,Iceland,Exports,734432,4898.0,149.94528378930175
Denmark,India,Imports,35593,124.0,287.0403225806452
Denmark,Ireland,Exports,510923,441.0,1158.5555555555557
Denmark,Italy,Exports,537892,511.0,1052.6262230919765
Denmark,Lithuania,Imports,27,1.0,27.0
Denmark,Morocco,Exports,89366,13.0,6874.307692307692
Denmark,Netherlands,Exports,418505,435.0,962.080459770115
Denmark,Netherlands,Imports,4943999,9278.0,532.8733563267946
Denmark,New Zealand,Exports,765790,505.0,1516.4158415841584
Denmark,Norway,Exports,44966,128.0,351.296875
Denmark,Norway,Imports,16290,17.0,958.2352941176471
Denmark,Poland,Exports,4485569,37.0,121231.5945945946
Denmark,Poland,Imports,4974983,6547.0,759.8874293569573
Denmark,Portugal,Exports,2120446,7.0,302920.85714285716
Denmark,Rep. of Korea,Exports,1101404,1208.0,911.7582781456954
Denmark,Rep. of Korea,Imports,103,1.0,103.0
Denmark,Romania,Exports,251,1.0,251.0
Denmark,Singapore,Exports,29442,6.0,4907.0
Denmark,Singapore,Imports,8,1.0,8.0
Denmark,Slovakia,Imports,109335,22.0,4969.772727272727
Denmark,South Africa,Exports,503261,411.0,1224.4793187347932
Denmark,Spain,Exports,5250786,3560.0,1474.9398876404493
Denmark,Sweden,Exports,2336167,1578.0,1480.4607097591888
Denmark,Sweden,Imports,1541,1.0,1541.0
Denmark,Switzerland,Exports,14512,6.0,2418.6666666666665
Denmark,Switzerland,Imports,2369,145.0,16.337931034482757
Denmark,Thailand,Imports,116,1.0,116.0
Denmark,Tunisia,Exports,2602,17.0,153.05882352941177
Denmark,United Arab Emirates,Exports,21070,15.0,1404.6666666666667
Denmark,United Kingdom,Exports,2845397,2627.0,1083.1355157974876
Denmark,United Kingdom,Imports,7159933,909.0,7876.71397139714
Denmark,United States of America,Exports,135455,45.0,3010.1111111111113
Denmark,United States of America,Imports,172943,112.0,1544.1339285714287
Denmark,Venezuela,Exports,163314,450.0,362.92
Dominican Rep.,Belgium,Imports,4245875,0.0,0.0
Dominican Rep.,Cuba,Imports,4426,0.0,0.0
Dominican Rep.,France,Imports,366338,0.0,0.0
Dominican Rep.,Germany,Imports,19651,0.0,0.0
Dominican Rep.,India,Imports,329684,0.0,0.0
Dominican Rep.,Panama,Imports,607807,0.0,0.0
Dominican Rep.,Switzerland,Imports,36056,0.0,0.0
Dominican Rep.,United Kingdom,Imports,251726,0.0,0.0
Dominican Rep.,United States of America,Imports,65138,0.0,0.0
Ecuador,Argentina,Imports,235,5.0,47.0
Ecuador,Belgium,Imports,15601223,16289.0,957.776597703972
Ecuador,Bulgaria,Imports,30083,81.0,371.39506172839504
Ecuador,Canada,Imports,99420,112.0,887.6785714285714
Ecuador,Colombia,Exports,353010,138.0,2558.0434782608695
Ecuador,France,Imports,5531286,4768.0,1160.0851510067114
Ecuador,Germany,Imports,778865,2587.0,301.068805566293
Ecuador,India,Imports,4001212,27298.0,146.57528024031063
Ecuador,Ireland,Imports,1135949,824.0,1378.5788834951456
Ecuador,Italy,Imports,672675,525.0,1281.2857142857142
Ecuador,Netherlands,Imports,486365,1446.0,336.3520055325035
Ecuador,Rep. of Korea,Imports,11132461,16770.0,663.8319022063208
Ecuador,Sweden,Imports,69216,50.0,1384.32
Ecuador,United States of America,Imports,1994689,2848.0,700.3823735955057
Ecuador,Uruguay,Imports,5500,50.0,110.0
Egypt,Belgium,Imports,9581794,0.0,0.0
Egypt,Bulgaria,Imports,36908,0.0,0.0
Egypt,Canada,Imports,205343,0.0,0.0
Egypt,China,Imports,9119331,0.0,0.0
Egypt,Denmark,Imports,4469504,0.0,0.0
Egypt,France,Imports,22861928,0.0,0.0
Egypt,Germany,Imports,5334771,0.0,0.0
Egypt,India,Imports,13466755,0.0,0.0
Egypt,Indonesia,Imports,3340820,0.0,0.0
Egypt,Ireland,Imports,200662,0.0,0.0
Egypt,Italy,Imports,169378,0.0,0.0
Egypt,Mexico,Imports,88825,0.0,0.0
Egypt,Rep. of Korea,Imports,327253,0.0,0.0
Egypt,Spain,Imports,414937,0.0,0.0
Egypt,United Arab Emirates,Exports,12676,0.0,0.0
Egypt,United Kingdom,Imports,320784,0.0,0.0
Egypt,United States of America,Imports,3973110,0.0,0.0
El Salvador,Belgium,Imports,5091335,10736.0,474.23016020864384
El Salvador,Canada,Imports,157412,739.0,213.0067658998647
El Salvador,Denmark,Imports,2495,10.0,249.5
El Salvador,France,Imports,1378783,6680.0,206.4046407185629
El Salvador,Germany,Imports,275450,2020.0,136.36138613861385
El Salvador,Guatemala,Exports,47500,28.0,1696.4285714285713
El Salvador,India,Imports,1409822,16041.0,87.88866030796085
El Salvador,Indonesia,Imports,46178,278.0,166.10791366906474
El Salvador,Ireland,Imports,276006,1125.0,245.33866666666665
El Salvador,Italy,Imports,27879,1114.0,25.026032315978455
El Salvador,Netherlands,Imports,14160,64.0,221.25
El Salvador,Rep. of Korea,Imports,13165,67.0,196.49253731343285
El Salvador,Switzerland,Imports,545910,2941.0,185.62053723223394
El Salvador,United Kingdom,Imports,34000,130.0,261.53846153846155
El Salvador,United States of America,Imports,3569131,8481.0,420.83846244546635
Estonia,Austria,Imports,716236,65.0,11019.015384615384
Estonia,Belgium,Imports,693704,364.0,1905.7802197802198
Estonia,France,Imports,898830,917.0,980.185387131952
Estonia,Germany,Imports,345,1.0,345.0
Estonia,Italy,Imports,2634,0.0,0.0
Estonia,Latvia,Exports,79185,203.0,390.0738916256158
Estonia,Netherlands,Imports,218119,442.0,493.4819004524887
Estonia,Sweden,Imports,1696,2.0,848.0
Estonia,Ukraine,Imports,101,2.0,50.5
Estonia,United Kingdom,Imports,180123,26.0,6927.807692307692
Finland,Austria,Imports,3152844,2125.0,1483.691294117647
Finland,Belarus,Exports,5,1.0,5.0
Finland,Belgium,Exports,221498,121.0,1830.5619834710744
Finland,Belgium,Imports,629903,888.0,709.3502252252252
Finland,Denmark,Imports,71435,45.0,1587.4444444444443
Finland,France,Imports,6261620,13369.0,468.36861395766323
Finland,Indonesia,Exports,102,0.0,0.0
Finland,Italy,Imports,2037,1.0,2037.0
Finland,Netherlands,Imports,14474,3.0,4824.666666666667
Finland,Norway,Imports,1303,2.0,651.5
Finland,Poland,Imports,15438043,6012.0,2567.8714238190287
Finland,South Africa,Exports,49,0.0,0.0
Finland,Spain,Imports,99606,44.0,2263.7727272727275
Finland,Sweden,Exports,18682,7.0,2668.8571428571427
Finland,Sweden,Imports,120727,560.0,215.58392857142857
Finland,United Kingdom,Imports,1505056,338.0,4452.828402366864
Finland,United States of America,Exports,20,0.0,0.0
Finland,United States of America,Imports,7703467,14399.0,535.0001388985346
France,Afghanistan,Exports,3713223,0.0,0.0
France,Albania,Exports,517375,0.0,0.0
France,Algeria,Exports,13447975,0.0,0.0
France,Andorra,Exports,853631,0.0,0.0
France,Angola,Exports,1402246,0.0,0.0
France,Anguilla,Exports,1058,0.0,0.0
France,"Areas, nes",Imports,88277,0.0,0.0
France,Argentina,Exports,13699263,0.0,0.0
France,Argentina,Imports,639728,0.0,0.0
France,Armenia,Exports,3562893,0.0,0.0
France,Aruba,Exports,107461,0.0,0.0
France,Australia,Exports,19837667,0.0,0.0
France,Australia,Imports,175996,0.0,0.0
France,Austria,Exports,14184600,0.0,0.0
France,Austria,Imports,25213391,0.0,0.0
France,Azerbaijan,Exports,62674,0.0,0.0
France,Bahamas,Exports,9703,0.0,0.0
France,Bahrain,Exports,1108596,0.0,0.0
France,Bangladesh,Exports,922464,0.0,0.0
France,Barbados,Exports,140266,0.0,0.0
France,Belarus,Exports,3055560,0.0,0.0
France,Belgium,Exports,1249036013,0.0,0.0
France,Belgium,Imports,740277632,0.0,0.0
France,Belize,Exports,7966,0.0,0.0
France,Benin,Exports,92732,0.0,0.0
France,Bermuda,Exports,103428,0.0,0.0
France,Bolivia,Exports,1942282,0.0,0.0
France,Bosnia Herzegovina,Exports,2331198,0.0,0.0
France,Botswana,Exports,500442,0.0,0.0
France,Brazil,Exports,60828194,0.0,0.0
France,Bulgaria,Exports,457858,0.0,0.0
France,Burkina Faso,Exports,1012467,0.0,0.0
France,Cambodia,Exports,864859,0.0,0.0
France,Cameroon,Exports,2051838,0.0,0.0
France,Canada,Exports,30783754,0.0,0.0
France,Canada,Imports,32956458,0.0,0.0
France,Cayman Isds,Exports,81304,0.0,0.0
France,Central African Rep.,Exports,79561,0.0,0.0
France,Chad,Exports,10477,0.0,0.0
France,Chile,Exports,14048377,0.0,0.0
France,China,Exports,187181624,0.0,0.0
France,China,Imports,2976,0.0,0.0
France,"China, Hong Kong SAR",Exports,11725847,0.0,0.0
France,Colombia,Exports,17433580,0.0,0.0
France,Congo,Exports,178722,0.0,0.0
France,Costa Rica,Exports,5260893,0.0,0.0
France,Croatia,Exports,6407557,0.0,0.0
France,Cuba,Exports,104493,0.0,0.0
France,Curaçao,Exports,39765,0.0,0.0
France,Cyprus,Exports,476483,0.0,0.0
France,Czech Rep.,Exports,12033948,0.0,0.0
France,Côte d'Ivoire,Exports,1946269,0.0,0.0
France,Dem.Rep. of the Congo,Exports,4860030,0.0,0.0
France,Denmark,Exports,5105425,0.0,0.0
France,Djibouti,Exports,27313,0.0,0.0
France,Dominica,Exports,5088,0.0,0.0
France,Dominican Rep.,Exports,1982765,0.0,0.0
France,Ecuador,Exports,5191601,0.0,0.0
France,Egypt,Exports,16571253,0.0,0.0
France,El Salvador,Exports,2890436,0.0,0.0
France,Estonia,Exports,813354,0.0,0.0
France,Ethiopia,Exports,3421802,0.0,0.0
France,Finland,Exports,5138890,0.0,0.0
France,Finland,Imports,82472,0.0,0.0
France,France,Imports,7947646,0.0,0.0
France,French Polynesia,Exports,1505363,0.0,0.0
France,Gabon,Exports,582813,0.0,0.0
France,Gambia,Exports,45800,0.0,0.0
France,Georgia,Exports,2208970,0.0,0.0
France,Germany,Exports,132720593,0.0,0.0
France,Germany,Imports,454743,0.0,0.0
France,Ghana,Exports,6373174,0.0,0.0
France,Greece,Exports,17880488,0.0,0.0
France,Grenada,Exports,1563,0.0,0.0
France,Guatemala,Exports,2833402,0.0,0.0
France,Guinea,Exports,692133,0.0,0.0
France,Guinea-Bissau,Exports,77456,0.0,0.0
France,Guyana,Exports,117762,0.0,0.0
France,Haiti,Exports,621646,0.0,0.0
France,Honduras,Exports,211873,0.0,0.0
France,Hungary,Exports,28982249,0.0,0.0
France,Iceland,Exports,406936,0.0,0.0
France,India,Exports,32296095,0.0,0.0
France,India,Imports,447,0.0,0.0
France,Indonesia,Exports,9605400,0.0,0.0
France,Iran,Exports,10516962,0.0,0.0
France,Iraq,Exports,95222329,0.0,0.0
France,Ireland,Exports,16799815,0.0,0.0
France,Ireland,Imports,234,0.0,0.0
France,Israel,Exports,11100158,0.0,0.0
France,Israel,Imports,563,0.0,0.0
France,Italy,Exports,40352143,0.0,0.0
France,Italy,Imports,3548175,0.0,0.0
France,Jamaica,Exports,97631,0.0,0.0
France,Japan,Exports,78472311,0.0,0.0
France,Jordan,Exports,2070941,0.0,0.0
France,Kazakhstan,Exports,30275007,0.0,0.0
France,Kenya,Exports,4037942,0.0,0.0
France,Kuwait,Exports,1232860,0.0,0.0
France,Latvia,Exports,3186459,0.0,0.0
France,Lebanon,Exports,4735859,0.0,0.0
France,Liberia,Exports,152390,0.0,0.0
France,Libya,Exports,39088695,0.0,0.0
France,Lithuania,Exports,4018302,0.0,0.0
France,Luxembourg,Exports,675864,0.0,0.0
France,Madagascar,Exports,600327,0.0,0.0
France,Malawi,Exports,399696,0.0,0.0
France,Malaysia,Exports,28382846,0.0,0.0
France,Mali,Exports,1394547,0.0,0.0
France,Malta,Exports,480524,0.0,0.0
France,Mauritania,Exports,119265,0.0,0.0
France,Mauritius,Exports,1954489,0.0,0.0
France,Mexico,Exports,115273259,0.0,0.0
France,Mexico,Imports,25103898,0.0,0.0
France,Montenegro,Exports,534025,0.0,0.0
France,Morocco,Exports,7678112,0.0,0.0
France,Mozambique,Exports,11549,0.0,0.0
France,Myanmar,Exports,1815200,0.0,0.0
France,Namibia,Exports,259765,0.0,0.0
France,Nepal,Exports,60158,0.0,0.0
France,Netherlands,Exports,40029286,0.0,0.0
France,Netherlands,Imports,15976620,0.0,0.0
France,New Caledonia,Exports,1603075,0.0,0.0
France,New Zealand,Exports,200701,0.0,0.0
France,Nicaragua,Exports,700155,0.0,0.0
France,Niger,Exports,1029693,0.0,0.0
France,Nigeria,Exports,24465073,0.0,0.0
France,Norway,Exports,7901917,0.0,0.0
France,Oman,Exports,6066483,0.0,0.0
France,"Other Asia, nes",Exports,27420754,0.0,0.0
France,"Other Asia, nes",Imports,144,0.0,0.0
France,Pakistan,Exports,31958129,0.0,0.0
France,Panama,Exports,3082229,0.0,0.0
France,Paraguay,Exports,2871203,0.0,0.0
France,Peru,Exports,14313775,0.0,0.0
France,Philippines,Exports,14455927,0.0,0.0
France,Poland,Exports,26226362,0.0,0.0
France,Portugal,Exports,5835348,0.0,0.0
France,Qatar,Exports,2511387,0.0,0.0
France,Rep. of Korea,Exports,42214988,0.0,0.0
France,Rep. of Korea,Imports,147,0.0,0.0
France,Rep. of Moldova,Exports,183658,0.0,0.0
France,Romania,Exports,11568651,0.0,0.0
France,Russian Federation,Exports,37663820,0.0,0.0
France,Rwanda,Exports,442518,0.0,0.0
France,Saint Kitts and Nevis,Exports,428,0.0,0.0
France,Saint Lucia,Exports,1670,0.0,0.0
France,Saint Pierre and Miquelon,Exports,13688,0.0,0.0
France,Saint Vincent and the Grenadines,Exports,2286,0.0,0.0
France,Saudi Arabia,Exports,41387167,0.0,0.0
France,Senegal,Exports,583906,0.0,0.0
France,Serbia,Exports,6671386,0.0,0.0
France,Sierra Leone,Exports,206333,0.0,0.0
France,Singapore,Exports,4343347,0.0,0.0
France,Sint Maarten (Dutch part),Exports,27887,0.0,0.0
France,Slovakia,Exports,2100899,0.0,0.0
France,Slovakia,Imports,56533,0.0,0.0
France,Slovenia,Exports,2080356,0.0,0.0
France,South Africa,Exports,77125785,0.0,0.0
France,Spain,Exports,22308514,0.0,0.0
France,Spain,Imports,947051,0.0,0.0
France,Sri Lanka,Exports,1369058,0.0,0.0
France,State of Palestine,Exports,105216,0.0,0.0
France,Sudan,Exports,4165569,0.0,0.0
France,Suriname,Exports,57868,0.0,0.0
France,Swaziland,Exports,64397,0.0,0.0
France,Sweden,Exports,3820918,0.0,0.0
France,Sweden,Imports,329,0.0,0.0
France,Switzerland,Exports,51759154,0.0,0.0
France,Syria,Exports,6468328,0.0,0.0
France,TFYR of Macedonia,Exports,1974207,0.0,0.0
France,Tajikistan,Exports,100176,0.0,0.0
France,Thailand,Exports,17961845,0.0,0.0
France,Togo,Exports,208679,0.0,0.0
France,Trinidad and Tobago,Exports,337104,0.0,0.0
France,Tunisia,Exports,3913528,0.0,0.0
France,Turkey,Exports,46453186,0.0,0.0
France,Turkmenistan,Exports,38411,0.0,0.0
France,Turks and Caicos Isds,Exports,427,0.0,0.0
France,Uganda,Exports,1285717,0.0,0.0
France,Ukraine,Exports,3600899,0.0,0.0
France,United Arab Emirates,Exports,9063369,0.0,0.0
France,United Kingdom,Exports,214001112,0.0,0.0
France,United Kingdom,Imports,137318422,0.0,0.0
France,United Rep. of Tanzania,Exports,504817,0.0,0.0
France,United States of America,Exports,214505181,0.0,0.0
France,United States of America,Imports,11352230,0.0,0.0
France,Uruguay,Exports,2048204,0.0,0.0
France,Uzbekistan,Exports,597981,0.0,0.0
France,Venezuela,Exports,1242703,0.0,0.0
France,Viet Nam,Exports,32114488,0.0,0.0
France,Wallis and Futuna Isds,Exports,43598,0.0,0.0
France,Yemen,Exports,673685,0.0,0.0
France,Zambia,Exports,716627,0.0,0.0
Georgia,Armenia,Exports,10911,19.0,574.2631578947369
Georgia,Azerbaijan,Exports,220228,1208.0,182.30794701986756
Georgia,Belgium,Imports,1107175,1425.0,776.9649122807018
Georgia,Bulgaria,Imports,49322,276.0,178.70289855072463
Georgia,Canada,Imports,12072,162.0,74.51851851851852
Georgia,China,Imports,469090,2651.0,176.94832138815542
Georgia,France,Imports,2031093,1682.0,1207.5463733650415
Georgia,Germany,Imports,5416,0.0,0.0
Georgia,Hungary,Imports,36000,59.0,610.1694915254237
Georgia,India,Imports,14525,112.0,129.6875
Georgia,Netherlands,Imports,272972,719.0,379.6550764951321
Georgia,Rep. of Korea,Imports,23681,175.0,135.32
Georgia,Russian Federation,Imports,147178,1155.0,127.42683982683982
Georgia,Singapore,Imports,750,1.0,750.0
Georgia,Switzerland,Imports,20246,1.0,20246.0
Georgia,United Kingdom,Imports,5785,12.0,482.0833333333333
Georgia,United States of America,Imports,613829,1305.0,470.3670498084291
Georgia,Uzbekistan,Exports,11700,36.0,325.0
Germany,Andorra,Exports,16658,5.0,3331.6
Germany,Australia,Exports,13291603,12209.0,1088.6725366532885
Germany,Australia,Imports,30555964,4703.0,6497.121837125239
Germany,Austria,Exports,1446837,3209.0,450.8684948582113
Germany,Austria,Imports,93963909,58328.0,1610.957156082842
Germany,Bahamas,Exports,58526,63.0,928.984126984127
Germany,Belarus,Exports,41559,6.0,6926.5
Germany,Belgium,Exports,355033458,572172.0,620.5012793355844
Germany,Belgium,Imports,451975326,218573.0,2067.8461017600525
Germany,Brazil,Exports,651975,2214.0,294.47831978319783
Germany,Bulgaria,Imports,1910127,1152.0,1658.0963541666667
Germany,Bunkers,Exports,53533,65.0,823.5846153846154
Germany,Canada,Exports,3778743,1460.0,2588.1801369863015
Germany,Canada,Imports,320224,116.0,2760.551724137931
Germany,Chile,Exports,674474,3360.0,200.73630952380952
Germany,China,Exports,49408,3.0,16469.333333333332
Germany,China,Imports,3124,17.0,183.76470588235293
Germany,"China, Hong Kong SAR",Exports,20912961,18722.0,1117.0260121781862
Germany,Czech Rep.,Exports,229538,1027.0,223.50340798442065
Germany,Czech Rep.,Imports,10183811,6473.0,1573.275297389155
Germany,Denmark,Exports,368548,1857.0,198.46418955304253
Germany,Denmark,Imports,315334,990.0,318.51919191919194
Germany,Dominican Rep.,Exports,9032,13.0,694.7692307692307
Germany,Ecuador,Exports,28951,36.0,804.1944444444445
Germany,Estonia,Exports,1993,6.0,332.1666666666667
Germany,Estonia,Imports,28233,11.0,2566.6363636363635
Germany,Finland,Exports,525696,1613.0,325.9119652820831
Germany,Finland,Imports,37611,17.0,2212.4117647058824
Germany,France,Exports,33506889,46692.0,717.6152017476227
Germany,France,Imports,164938256,70614.0,2335.7727362845894
Germany,Georgia,Exports,37468,63.0,594.7301587301587
Germany,Gibraltar,Exports,3654,2.0,1827.0
Germany,Greece,Exports,864,5.0,172.8
Germany,Greece,Imports,795924,1388.0,573.4322766570605
Germany,Hungary,Exports,544367,829.0,656.6550060313631
Germany,Hungary,Imports,584076,714.0,818.0336134453781
Germany,Iceland,Exports,145437,125.0,1163.496
Germany,India,Exports,3415,4.0,853.75
Germany,India,Imports,145805,68.0,2144.1911764705883
Germany,Ireland,Exports,152480,425.0,358.77647058823527
Germany,Ireland,Imports,53646809,14401.0,3725.2141517950145
Germany,Israel,Exports,5012077,10456.0,479.3493687834736
Germany,Italy,Exports,17111363,61104.0,280.0367079078293
Germany,Italy,Imports,8159983,4191.0,1947.0252922930088
Germany,Japan,Exports,249371,119.0,2095.5546218487393
Germany,Japan,Imports,1291,0.0,0.0
Germany,Jordan,Exports,115989,231.0,502.1168831168831
Germany,Kazakhstan,Exports,137663,374.0,368.08288770053474
Germany,Kuwait,Exports,73816,90.0,820.1777777777778
Germany,Latvia,Exports,7482,14.0,534.4285714285714
Germany,Latvia,Imports,307994,166.0,1855.3855421686746
Germany,Lebanon,Exports,451906,627.0,720.7432216905901
Germany,Lithuania,Exports,126128,491.0,256.8798370672098
Germany,Lithuania,Imports,375809,621.0,605.1674718196457
Germany,Malaysia,Exports,454508,1810.0,251.10939226519338
Germany,Malta,Exports,17502,71.0,246.50704225352112
Germany,Netherlands,Exports,3189396,8970.0,355.5625418060201
Germany,Netherlands,Imports,198514339,95190.0,2085.4537136253807
Germany,New Zealand,Exports,204452,385.0,531.0441558441559
Germany,Norway,Exports,21387,35.0,611.0571428571428
Germany,Norway,Imports,443078,510.0,868.7803921568627
Germany,Oman,Exports,20345,24.0,847.7083333333334
Germany,"Other Asia, nes",Exports,1530586,4481.0,341.5724168712341
Germany,Panama,Exports,562809,2241.0,251.14190093708166
Germany,Philippines,Exports,1782147,6977.0,255.43170417084707
Germany,Poland,Exports,8085864,13840.0,584.2387283236994
Germany,Poland,Imports,37198450,23924.0,1554.8591372680153
Germany,Portugal,Exports,1600809,2872.0,557.3847493036212
Germany,Portugal,Imports,4836436,2261.0,2139.0694383016366
Germany,Qatar,Exports,39639,44.0,900.8863636363636
Germany,Rep. of Korea,Exports,342316,69.0,4961.101449275362
Germany,Rep. of Korea,Imports,615,28.0,21.964285714285715
Germany,Romania,Imports,2516295,2480.0,1014.6350806451613
Germany,Russian Federation,Exports,2501,5.0,500.2
Germany,Russian Federation,Imports,5734,47.0,122.0
Germany,Saudi Arabia,Exports,164252,154.0,1066.5714285714287
Germany,Singapore,Exports,2654276,4816.0,551.1370431893688
Germany,Slovakia,Exports,200735,489.0,410.50102249488754
Germany,Slovakia,Imports,2856023,2127.0,1342.7470615890927
Germany,Slovenia,Exports,55223,203.0,272.0344827586207
Germany,Spain,Exports,5419622,18992.0,285.3634161752317
Germany,Spain,Imports,549114,1088.0,504.70036764705884
Germany,Sweden,Exports,4231521,5275.0,802.1840758293839
Germany,Sweden,Imports,3229536,4270.0,756.3316159250586
Germany,Switzerland,Exports,1107903,1128.0,982.1835106382979
Germany,Switzerland,Imports,3051794,3325.0,917.8327819548872
Germany,Syria,Exports,49813,72.0,691.8472222222222
Germany,Thailand,Exports,4362365,12607.0,346.02720710716267
Germany,Turkey,Exports,1189121,2434.0,488.54601479046835
Germany,Uganda,Exports,526,1.0,526.0
Germany,Ukraine,Exports,5856,2.0,2928.0
Germany,Ukraine,Imports,2934,1.0,2934.0
Germany,United Arab Emirates,Exports,530642,994.0,533.8450704225352
Germany,United Kingdom,Exports,5824308,5340.0,1090.694382022472
Germany,United Kingdom,Imports,58876653,17803.0,3307.1197550974557
Germany,United States of America,Exports,152659560,113410.0,1346.08553037651
Germany,United States of America,Imports,54054073,14773.0,3658.977391186624
Germany,Uzbekistan,Exports,42258,19.0,2224.1052631578946
Greece,Austria,Exports,78517,66.0,1189.6515151515152
Greece,Austria,Imports,1581177,1657.0,954.2407966203983
Greece,Belgium,Imports,26341318,53830.0,489.34270852684375
Greece,Bulgaria,Exports,7995,288.0,27.760416666666668
Greece,Cyprus,Exports,1876957,1237.0,1517.3459983831851
Greece,France,Imports,24232667,27315.0,887.1560314845323
Greece,India,Imports,37908,110.0,344.6181818181818
Greece,Italy,Imports,12606094,7341.0,1717.2175452935567
Greece,Malta,Exports,855860,502.0,1704.9003984063745
Greece,Netherlands,Imports,32086808,27342.0,1173.5355131299832
Greece,Spain,Imports,1044620,2450.0,426.37551020408165
Greece,United Kingdom,Exports,4427,39.0,113.51282051282051
Greece,United Kingdom,Imports,12887274,9149.0,1408.5991911684337
Greenland,Denmark,Imports,663601,2823.0,235.06942968473254
Greenland,Switzerland,Imports,7043,57.0,123.56140350877193
Guatemala,Belgium,Imports,256054,108.0,2370.8703703703704
Guatemala,France,Imports,315520,541.0,583.2162661737523
Guatemala,Netherlands,Imports,6192,11.0,562.9090909090909
Guatemala,Panama,Imports,3109410,1434.0,2168.347280334728
Guatemala,Russian Federation,Imports,8530,20.0,426.5
Guatemala,Switzerland,Imports,10224,48.0,213.0
Guyana,Austria,Imports,91917,620.0,148.2532258064516
Guyana,Barbados,Imports,148844,841.0,176.9845422116528
Guyana,Belgium,Imports,16817,99.0,169.86868686868686
Guyana,Brazil,Imports,53488,30.0,1782.9333333333334
Guyana,Canada,Imports,1585,15.0,105.66666666666667
Guyana,"China, Hong Kong SAR",Imports,21600,5210.0,4.145873320537428
Guyana,Costa Rica,Imports,336711,256.0,1315.27734375
Guyana,Denmark,Imports,124189,658.0,188.7370820668693
Guyana,France,Imports,59470,156.0,381.21794871794873
Guyana,India,Imports,806927,5190.0,155.47726396917147
Guyana,Indonesia,Imports,4132,24.0,172.16666666666666
Guyana,Italy,Imports,44863,432.0,103.84953703703704
Guyana,Panama,Imports,125891,428.0,294.1378504672897
Guyana,Rep. of Korea,Imports,8535,196.0,43.545918367346935
Guyana,Suriname,Exports,2500,103.0,24.271844660194176
Guyana,Switzerland,Imports,128872,431.0,299.00696055684455
Guyana,United Kingdom,Imports,11742,23.0,510.5217391304348
Guyana,United States of America,Imports,586801,3923.0,149.579658424675
Hungary,Albania,Exports,23181,15.0,1545.4
Hungary,Australia,Imports,7126,4.0,1781.5
Hungary,Austria,Exports,16515009,170491.0,96.8673361057182
Hungary,Austria,Imports,8939595,7864.0,1136.7745422177009
Hungary,Belarus,Exports,39440,18.0,2191.1111111111113
Hungary,Belgium,Imports,17573515,29243.0,600.9477481790514
Hungary,Bosnia Herzegovina,Exports,182680,367.0,497.76566757493185
Hungary,Bulgaria,Exports,1072014,3977.0,269.5534322353533
Hungary,Bulgaria,Imports,3533161,2734.0,1292.3046817849306
Hungary,Canada,Imports,109,0.0,0.0
Hungary,Croatia,Exports,1037866,1740.0,596.4747126436781
Hungary,Croatia,Imports,42066,40.0,1051.65
Hungary,Cyprus,Exports,740717,1491.0,496.7920858484239
Hungary,Czech Rep.,Exports,15485953,9871.0,1568.8332489109512
Hungary,Czech Rep.,Imports,197835,761.0,259.9671484888305
Hungary,Denmark,Exports,37442,46.0,813.9565217391304
Hungary,Estonia,Exports,421202,100.0,4212.02
Hungary,France,Imports,22775931,27425.0,830.4806198723792
Hungary,Georgia,Exports,36000,59.0,610.1694915254237
Hungary,Germany,Exports,4462600,39796.0,112.13689818072169
Hungary,Germany,Imports,73882,137.0,539.2846715328467
Hungary,India,Imports,107489,87.0,1235.5057471264367
Hungary,Iraq,Exports,115,7.0,16.428571428571427
Hungary,Italy,Imports,3549882,11200.0,316.95375
Hungary,Kazakhstan,Exports,63061,29.0,2174.5172413793102
Hungary,Latvia,Exports,918093,648.0,1416.8101851851852
Hungary,Lithuania,Exports,4671577,4519.0,1033.7634432396549
Hungary,Malta,Exports,117959,11.0,10723.545454545454
Hungary,Montenegro,Exports,48937,42.0,1165.1666666666667
Hungary,Netherlands,Exports,2787565,24291.0,114.75711168745626
Hungary,Netherlands,Imports,23374375,49113.0,475.93050719768695
Hungary,Poland,Exports,9674433,21309.0,454.00689849359424
Hungary,Rep. of Moldova,Exports,3438,2.0,1719.0
Hungary,Romania,Exports,966301,1252.0,771.805910543131
Hungary,Serbia,Exports,841794,2854.0,294.95234758234056
Hungary,Singapore,Exports,8285007,264.0,31382.602272727272
Hungary,Slovakia,Exports,5589736,5341.0,1046.5710541097174
Hungary,Slovakia,Imports,169315,11.0,15392.272727272728
Hungary,Slovenia,Exports,2910024,4236.0,686.9745042492918
Hungary,TFYR of Macedonia,Exports,29267,52.0,562.8269230769231
Hungary,Ukraine,Exports,7637852,7504.0,1017.8374200426439
Hungary,United Kingdom,Exports,1003,1.0,1003.0
Hungary,United Kingdom,Imports,6803360,3223.0,2110.8780639156066
Hungary,United States of America,Exports,125663,57.0,2204.6140350877195
Hungary,United States of America,Imports,221767,427.0,519.360655737705
Iceland,Denmark,Imports,924931,1338.0,691.2787742899851
Iceland,France,Imports,895,7.0,127.85714285714286
Iceland,Germany,Exports,248,44.0,5.636363636363637
Iceland,Germany,Imports,563440,1018.0,553.4774066797643
Iceland,Norway,Imports,13769,10.0,1376.9
Iceland,Sweden,Imports,6410,32.0,200.3125
Iceland,United Kingdom,Exports,24988,88.0,283.95454545454544
Iceland,United Kingdom,Imports,11706,63.0,185.8095238095238
Iceland,United States of America,Exports,2001,248.0,8.068548387096774
India,Afghanistan,Exports,22249289,81611.0,272.626104324172
India,Albania,Exports,71991,589.0,122.2258064516129
India,Algeria,Exports,14910476,52779.0,282.507739820762
India,Angola,Exports,2403491,4484.0,536.0149420160571
India,Anguilla,Exports,2039,21.0,97.0952380952381
India,Antigua and Barbuda,Exports,963,20.0,48.15
India,"Areas, nes",Imports,76,0.0,0.0
India,Argentina,Exports,2134639,10405.0,205.1551177318597
India,Argentina,Imports,159122,20.0,7956.1
India,Armenia,Exports,16418,176.0,93.2840909090909
India,Aruba,Exports,8275,3.0,2758.3333333333335
India,Australia,Exports,20793,11.0,1890.2727272727273
India,Austria,Exports,158,1.0,158.0
India,Azerbaijan,Exports,1106433,3249.0,340.54570637119116
India,Bahamas,Exports,41530,175.0,237.31428571428572
India,Bahrain,Exports,53494,395.0,135.42784810126582
India,Bangladesh,Exports,23095219,107921.0,214.00115825464923
India,Bangladesh,Imports,1873,0.0,0.0
India,Barbados,Exports,36582,139.0,263.1798561151079
India,Belgium,Exports,128356,590.0,217.55254237288136
India,Belgium,Imports,104278751,28044.0,3718.3979104264727
India,Belize,Exports,84971,273.0,311.24908424908426
India,Benin,Exports,5408537,8749.0,618.1891644759401
India,Bermuda,Exports,360,2.0,180.0
India,Bhutan,Exports,143306,638.0,224.61755485893417
India,Bolivia,Exports,4242702,18525.0,229.02574898785426
India,Bosnia Herzegovina,Exports,30508,12.0,2542.3333333333335
India,Botswana,Exports,1066791,2031.0,525.2540620384048
India,Br. Virgin Isds,Exports,2448,9.0,272.0
India,Brazil,Exports,34607143,163059.0,212.23693877676178
India,Burkina Faso,Exports,6742182,16488.0,408.91448326055314
India,Burundi,Exports,7209405,8164.0,883.0726359627633
India,Cabo Verde,Exports,125879,402.0,313.1318407960199
India,Cambodia,Exports,1683276,4222.0,398.69161534817624
India,Cameroon,Exports,5583131,18494.0,301.8887747377528
India,Canada,Exports,684,17.0,40.23529411764706
India,Canada,Imports,38644,3.0,12881.333333333334
India,Cayman Isds,Exports,3018,33.0,91.45454545454545
India,Central African Rep.,Exports,520410,711.0,731.9409282700421
India,Chad,Exports,4624321,15857.0,291.6264741123794
India,Chile,Exports,4075656,14614.0,278.8870945668537
India,China,Exports,1035042,5274.0,196.2536973833902
India,China,Imports,17496191,5325.0,3285.6696713615024
India,"China, Hong Kong SAR",Exports,238536,871.0,273.86452353616534
India,"China, Hong Kong SAR",Imports,2180970,143.0,15251.538461538461
India,Colombia,Exports,8572127,43667.0,196.30675338356195
India,Comoros,Exports,47110,42.0,1121.6666666666667
India,Congo,Exports,1030255,3019.0,341.2570387545545
India,Costa Rica,Exports,1606019,3297.0,487.1152562936002
India,Cuba,Exports,701963,1454.0,482.7806052269601
India,Curaçao,Exports,36553,169.0,216.28994082840237
India,Czech Rep.,Exports,437,5.0,87.4
India,Czech Rep.,Imports,25,0.0,0.0
India,Côte d'Ivoire,Exports,6734784,16657.0,404.32154649696827
India,Dem. People's Rep. of Korea,Exports,104671,225.0,465.20444444444445
India,Dem.Rep. of the Congo,Exports,5733512,10235.0,560.1868099658036
India,Denmark,Imports,38330,2.0,19165.0
India,Djibouti,Exports,83557,2181.0,38.311325080238426
India,Dominica,Exports,15741,107.0,147.11214953271028
India,Dominican Rep.,Exports,1757940,11474.0,153.21073731915635
India,Ecuador,Exports,3918652,20430.0,191.80871267743515
India,Egypt,Exports,20419780,57754.0,353.56477473421756
India,El Salvador,Exports,1291733,8818.0,146.48820594239058
India,Equatorial Guinea,Exports,40579,114.0,355.9561403508772
India,Eritrea,Exports,1436400,3202.0,448.5946283572767
India,Ethiopia,Exports,11981119,54698.0,219.04126293465941
India,FS Micronesia,Exports,1740,14.0,124.28571428571429
India,Fiji,Exports,223381,875.0,255.29257142857142
India,Finland,Exports,62,0.0,0.0
India,Finland,Imports,968,0.0,0.0
India,France,Exports,455000,1454.0,312.92984869326
India,France,Imports,62538065,8056.0,7762.917701092353
India,Gabon,Exports,326407,962.0,339.3004158004158
India,Gambia,Exports,486167,1408.0,345.2890625
India,Georgia,Exports,14912,111.0,134.34234234234233
India,Germany,Exports,154470,161.0,959.4409937888199
India,Germany,Imports,1718,1.0,1718.0
India,Ghana,Exports,8268430,14328.0,577.0819374651032
India,Greece,Exports,462089,437.0,1057.4118993135012
India,Grenada,Exports,50556,316.0,159.9873417721519
India,Guatemala,Exports,5650783,24013.0,235.3218256777579
India,Guinea,Exports,2328681,6865.0,339.21063364894394
India,Guinea-Bissau,Exports,57783,226.0,255.6769911504425
India,Guyana,Exports,254608,1094.0,232.7312614259598
India,Haiti,Exports,1212247,5836.0,207.71881425633995
India,Honduras,Exports,1793436,7687.0,233.307662286978
India,Hungary,Exports,103642,113.0,917.1858407079646
India,Indonesia,Exports,46694751,116585.0,400.5210876184758
India,Indonesia,Imports,67421611,14315.0,4709.857561997905
India,Iran,Exports,14771886,56763.0,260.2379366841076
India,Iraq,Exports,24403972,26893.0,907.446993641468
India,Ireland,Exports,250,1.0,250.0
India,Ireland,Imports,11292449,528.0,21387.214015151516
India,Israel,Exports,147926,519.0,285.0211946050096
India,Italy,Exports,21291,45.0,473.1333333333333
India,Italy,Imports,1705,1.0,1705.0
India,Jamaica,Exports,344743,1332.0,258.81606606606607
India,Japan,Exports,511828,1913.0,267.5525352848928
India,Japan,Imports,5157,1.0,5157.0
India,Jordan,Exports,383519,1423.0,269.51440618411806
India,Kazakhstan,Exports,1946761,20718.0,93.96471667149339
India,Kenya,Exports,13321423,40390.0,329.8198316414954
India,Kyrgyzstan,Exports,1017754,5188.0,196.174633770239
India,Lao People's Dem. Rep.,Exports,1453971,6183.0,235.15623483745753
India,Lebanon,Exports,1518990,7750.0,195.99870967741936
India,Lesotho,Exports,116814,138.0,846.4782608695652
India,Liberia,Exports,169824,917.0,185.19520174482005
India,Libya,Exports,2042396,2442.0,836.3619983619984
India,Madagascar,Exports,2444065,6597.0,370.48127936941034
India,Malawi,Exports,2384693,8734.0,273.03560796885733
India,Malaysia,Exports,1014223,3605.0,281.3378640776699
India,Maldives,Exports,446211,1010.0,441.7930693069307
India,Mali,Exports,3688694,6389.0,577.3507591172328
India,Mauritania,Exports,465164,1787.0,260.30442081701176
India,Mauritius,Exports,64681,277.0,233.50541516245488
India,Mexico,Exports,24346426,94410.0,257.8797373159623
India,Mongolia,Exports,533167,1879.0,283.7503991484832
India,Morocco,Exports,2195562,2982.0,736.271629778672
India,Mozambique,Exports,4399496,14701.0,299.2650840078906
India,Myanmar,Exports,4626655,13995.0,330.5934262236513
India,Namibia,Exports,1506299,6639.0,226.8864286790179
India,Nauru,Exports,33,1.0,33.0
India,Nepal,Exports,5746030,24817.0,231.5360438409155
India,Netherlands,Exports,227997,1698.0,134.273851590106
India,Netherlands,Imports,11421968,1007.0,11342.570009930487
India,New Caledonia,Exports,4112,35.0,117.48571428571428
India,New Zealand,Exports,123,4.0,30.75
India,New Zealand,Imports,2343,2.0,1171.5
India,Nicaragua,Exports,2048166,8283.0,247.27345164795364
India,Niger,Exports,3532215,15199.0,232.3978551220475
India,Nigeria,Exports,55276446,176959.0,312.3686616673919
India,Oman,Exports,890362,5021.0,177.32762397928698
India,"Other Asia, nes",Exports,17458,147.0,118.76190476190476
India,Pakistan,Exports,35850279,173208.0,206.97819384785922
India,Palau,Exports,1203,35.0,34.371428571428574
India,Panama,Exports,1238412,4218.0,293.601706970128
India,Papua New Guinea,Exports,2080943,10828.0,192.18165866272628
India,Paraguay,Exports,678438,2024.0,335.19664031620556
India,Peru,Exports,9691307,45796.0,211.61907153463184
India,Philippines,Exports,17688347,57492.0,307.66623182355806
India,Qatar,Exports,396039,2229.0,177.67563930013458
India,Rep. of Korea,Exports,679,12.0,56.583333333333336
India,Rep. of Korea,Imports,80492,42.0,1916.4761904761904
India,Rep. of Moldova,Exports,423766,1901.0,222.91741188847973
India,Russian Federation,Exports,2385,20.0,119.25
India,Russian Federation,Imports,5289,2.0,2644.5
India,Rwanda,Exports,1974151,3958.0,498.77488630621525
India,Saint Kitts and Nevis,Exports,16080,99.0,162.42424242424244
India,Saint Lucia,Exports,12220,168.0,72.73809523809524
India,Saint Vincent and the Grenadines,Exports,11691,43.0,271.8837209302326
India,Samoa,Exports,7635,20.0,381.75
India,Sao Tome and Principe,Exports,22221,98.0,226.74489795918367
India,Saudi Arabia,Exports,18238874,75804.0,240.60569363094297
India,Senegal,Exports,3578561,8669.0,412.79974622217094
India,Serbia,Exports,166676,540.0,308.6592592592593
India,Seychelles,Exports,42575,206.0,206.6747572815534
India,Sierra Leone,Exports,1158080,6534.0,177.23905723905725
India,Singapore,Exports,481561,2429.0,198.25483738163854
India,Singapore,Imports,24387,24.0,1016.125
India,Solomon Isds,Exports,43983,180.0,244.35
India,Somalia,Exports,9853,71.0,138.77464788732394
India,South Africa,Exports,451685,1494.0,302.3326639892905
India,South Sudan,Exports,10253,14.0,732.3571428571429
India,Spain,Imports,6252,1.0,6252.0
India,Sri Lanka,Exports,4016046,15171.0,264.71860787027884
India,Sudan,Exports,11737808,202640.0,57.9244374259771
India,Suriname,Exports,81879,165.0,496.23636363636365
India,Swaziland,Exports,240718,1093.0,220.23604757548034
India,Sweden,Exports,35240,172.0,204.88372093023256
India,Switzerland,Exports,85586,292.0,293.1027397260274
India,Switzerland,Imports,2870123,419.0,6849.935560859189
India,Syria,Exports,2824320,7858.0,359.419699669127
India,Tajikistan,Exports,1395126,14009.0,99.58783639089157
India,Thailand,Exports,7292352,25892.0,281.6449868685308
India,Thailand,Imports,1348050,225.0,5991.333333333333
India,Timor-Leste,Exports,299193,433.0,690.9769053117783
India,Togo,Exports,776223,1518.0,511.34584980237156
India,Tonga,Exports,1807,10.0,180.7
India,Trinidad and Tobago,Exports,310125,1490.0,208.13758389261744
India,Tunisia,Exports,3881610,14869.0,261.0538704687605
India,Turkey,Exports,4836600,7629.0,633.9756193472277
India,Turkey,Imports,213499,40.0,5337.475
India,Turkmenistan,Exports,822417,3286.0,250.27906269020085
India,Turks and Caicos Isds,Exports,5440,62.0,87.74193548387096
India,Uganda,Exports,5816678,15234.0,381.8221084416437
India,Uganda,Imports,102,0.0,0.0
India,Ukraine,Exports,5241096,14630.0,358.24306220095696
India,United Arab Emirates,Exports,608947,3766.0,161.6959638874137
India,United Kingdom,Exports,82814,433.0,191.25635103926098
India,United Kingdom,Imports,22749779,568.0,40052.42781690141
India,United Rep. of Tanzania,Exports,9410062,20592.0,456.97659285159284
India,United States of America,Exports,297465,103.0,2888.009708737864
India,United States of America,Imports,11801937,1316.0,8968.037234042553
India,Uruguay,Exports,481632,3076.0,156.5773732119636
India,Uzbekistan,Exports,4939067,11837.0,417.25665286812534
India,Uzbekistan,Imports,134118,25.0,5364.72
India,Venezuela,Exports,12716395,55035.0,231.0601435450168
India,Viet Nam,Exports,15425520,54857.0,281.1951072789252
India,Yemen,Exports,17432447,52575.0,331.57293390394676
India,Zambia,Exports,4330180,24824.0,174.43522397679664
India,Zimbabwe,Exports,2413877,4361.0,553.514560880532
Ireland,"Areas, nes",Imports,55953527,4312.0,12976.23538961039
Ireland,Argentina,Exports,62473954,260.0,240284.43846153846
Ireland,Austria,Imports,490947,811.0,605.3600493218249
Ireland,Belgium,Exports,3315078251,16793.0,197408.3398439826
Ireland,Belgium,Imports,46923710,200624.0,233.88881689129914
Ireland,Brazil,Imports,334,1.0,334.0
Ireland,Canada,Imports,14666,20.0,733.3
Ireland,China,Exports,15991,3.0,5330.333333333333
Ireland,China,Imports,743,42.0,17.69047619047619
Ireland,"China, Hong Kong SAR",Imports,37,0.0,0.0
Ireland,France,Imports,4231459,4433.0,954.5362057297541
Ireland,Germany,Imports,73698,68.0,1083.7941176470588
Ireland,India,Exports,12,0.0,0.0
Ireland,India,Imports,254,0.0,0.0
Ireland,Iran,Exports,374656,3375.0,111.00918518518519
Ireland,Israel,Exports,10,0.0,0.0
Ireland,Israel,Imports,38,1.0,38.0
Ireland,Italy,Imports,7119112,6029.0,1180.81141151103
Ireland,Japan,Exports,118040705,27265.0,4329.385842655419
Ireland,Japan,Imports,68,0.0,0.0
Ireland,Mexico,Exports,12200,0.0,0.0
Ireland,Netherlands,Exports,32121004,25274.0,1270.9109757062595
Ireland,Netherlands,Imports,2550245,199.0,12815.301507537688
Ireland,New Zealand,Imports,878,1.0,878.0
Ireland,Pakistan,Exports,3833,50.0,76.66
Ireland,Rep. of Korea,Exports,692,0.0,0.0
Ireland,Rep. of Korea,Imports,3583,25.0,143.32
Ireland,Russian Federation,Exports,5,0.0,0.0
Ireland,South Africa,Exports,18620762,818.0,22763.767726161368
Ireland,Sweden,Imports,406,1.0,406.0
Ireland,Switzerland,Exports,3108,54.0,57.55555555555556
Ireland,Switzerland,Imports,28,1.0,28.0
Ireland,Turkey,Exports,16573,0.0,0.0
Ireland,Turkey,Imports,58,1.0,58.0
Ireland,Ukraine,Exports,2297,0.0,0.0
Ireland,United Kingdom,Exports,1572099423,119894.0,13112.411154853455
Ireland,United Kingdom,Imports,8994777,4740.0,1897.6322784810127
Ireland,United States of America,Exports,709249709,122396.0,5794.713136050198
Ireland,United States of America,Imports,166624404,25676.0,6489.500077893753
Israel,Australia,Imports,199000,0.0,0.0
Israel,Austria,Imports,2000,0.0,0.0
Israel,Belgium,Imports,18695000,0.0,0.0
Israel,Canada,Exports,1000,0.0,0.0
Israel,Canada,Imports,7599000,0.0,0.0
Israel,Finland,Imports,2000,0.0,0.0
Israel,France,Imports,8942000,0.0,0.0
Israel,Germany,Imports,2703000,0.0,0.0
Israel,Ireland,Imports,13761000,0.0,0.0
Israel,Italy,Imports,1260000,0.0,0.0
Israel,Netherlands,Imports,2370000,0.0,0.0
Israel,United Kingdom,Exports,71000,0.0,0.0
Israel,United Kingdom,Imports,2165000,0.0,0.0
Israel,United States of America,Exports,17468000,0.0,0.0
Israel,United States of America,Imports,14727000,0.0,0.0
Italy,Albania,Exports,17601,48.0,366.6875
Italy,Argentina,Exports,49462860,59626.0,829.5518733438433
Italy,Aruba,Exports,7435,4.0,1858.75
Italy,Australia,Exports,30154064,29407.0,1025.4042914952222
Italy,Australia,Imports,15023,80.0,187.7875
Italy,Austria,Exports,35946377,43748.0,821.6690362988022
Italy,Austria,Imports,24077866,12263.0,1963.4564136018919
Italy,Bahamas,Exports,11397,8.0,1424.625
Italy,Belgium,Exports,18901502,84100.0,224.75032104637336
Italy,Belgium,Imports,295306931,359023.0,822.5292836392098
Italy,Bermuda,Exports,7443,5.0,1488.6
Italy,Bolivia,Exports,2820,16.0,176.25
Italy,Brazil,Exports,107878416,119161.0,905.3164709930262
Italy,Bulgaria,Exports,3187329,2130.0,1496.3985915492958
Italy,Burkina Faso,Exports,74954,144.0,520.5138888888889
Italy,Canada,Exports,5439680,4146.0,1312.0308731307284
Italy,Cayman Isds,Exports,5177,3.0,1725.6666666666667
Italy,Chile,Exports,3061984,3215.0,952.405598755832
Italy,"China, Hong Kong SAR",Exports,179214,344.0,520.9709302325581
Italy,Colombia,Exports,1727815,3633.0,475.5890448665015
Italy,Costa Rica,Exports,48310,50.0,966.2
Italy,Croatia,Exports,2112397,4044.0,522.3533630069238
Italy,Cuba,Imports,1676,2.0,838.0
Italy,Czech Rep.,Exports,3733738,2016.0,1852.0525793650793
Italy,Denmark,Exports,2623,12.0,218.58333333333334
Italy,Ecuador,Exports,1399531,2394.0,584.5994152046784
Italy,Fiji,Exports,1954500,4400.0,444.20454545454544
Italy,France,Exports,65829193,49420.0,1332.0354714690409
Italy,France,Imports,56664851,110700.0,511.8776061427281
Italy,Georgia,Exports,256955,400.0,642.3875
Italy,Germany,Exports,14881,36.0,413.3611111111111
Italy,Germany,Imports,3144802,33961.0,92.60039457024234
Italy,Greece,Exports,26251251,29708.0,883.642486872223
Italy,Guyana,Exports,9717,6.0,1619.5
Italy,Hungary,Exports,11882614,86673.0,137.09706598363965
Italy,India,Exports,83697,299.0,279.9230769230769
Italy,India,Imports,7808,62.0,125.93548387096774
Italy,Indonesia,Exports,17855,113.0,158.00884955752213
Italy,Ireland,Exports,1618,12.0,134.83333333333334
Italy,Israel,Exports,1272009,1170.0,1087.1871794871795
Italy,Japan,Exports,5292098,1088.0,4864.060661764706
Italy,Kazakhstan,Exports,78219,1160.0,67.4301724137931
Italy,Lebanon,Exports,152058,685.0,221.98248175182482
Italy,Lithuania,Exports,4026,12.0,335.5
Italy,Malta,Exports,8961,36.0,248.91666666666666
Italy,Mexico,Exports,574865,1088.0,528.3685661764706
Italy,Morocco,Exports,7529,11.0,684.4545454545455
Italy,Netherlands,Exports,4984,96.0,51.916666666666664
Italy,Netherlands,Imports,128154654,78550.0,1631.5041884150223
Italy,New Zealand,Exports,796424,319.0,2496.6269592476488
Italy,Nigeria,Exports,1375,1.0,1375.0
Italy,Norway,Exports,357097,465.0,767.9505376344086
Italy,Oman,Exports,3076,4.0,769.0
Italy,"Other Asia, nes",Exports,73683,82.0,898.5731707317074
Italy,Pakistan,Exports,571699,2572.0,222.2779937791602
Italy,Panama,Exports,29367,24.0,1223.625
Italy,Paraguay,Exports,112860,278.0,405.9712230215827
Italy,Peru,Exports,7185,39.0,184.23076923076923
Italy,Poland,Exports,145269639,128057.0,1134.4138860038888
Italy,Poland,Imports,324,1.0,324.0
Italy,Portugal,Exports,97697,1642.0,59.498781973203414
Italy,Portugal,Imports,1200026,5670.0,211.64479717813052
Italy,Rep. of Korea,Exports,3471330,3170.0,1095.056782334385
Italy,Romania,Exports,2138,12.0,178.16666666666666
Italy,Russian Federation,Exports,2919139,8697.0,335.64895941129123
Italy,Saudi Arabia,Exports,9202732,12829.0,717.3382180996181
Italy,Singapore,Exports,5843479,16745.0,348.9685876381009
Italy,Slovenia,Exports,2610461,2325.0,1122.7789247311828
Italy,South Africa,Exports,36291,49.0,740.6326530612245
Italy,Spain,Exports,99160851,64464.0,1538.2360852568875
Italy,Spain,Imports,14755716,84650.0,174.31442409923213
Italy,Sri Lanka,Exports,6877,15.0,458.46666666666664
Italy,Suriname,Exports,5255,3.0,1751.6666666666667
Italy,Sweden,Exports,4011,12.0,334.25
Italy,Sweden,Imports,645,3.0,215.0
Italy,Switzerland,Exports,4211662,1278.0,3295.510172143975
Italy,Switzerland,Imports,6000710,18273.0,328.39216330104523
Italy,Thailand,Exports,453708,2292.0,197.95287958115182
Italy,Tunisia,Exports,1049638,2156.0,486.84508348794066
Italy,Turkey,Exports,2421101,2950.0,820.7122033898305
Italy,Ukraine,Exports,128120,373.0,343.485254691689
Italy,United Arab Emirates,Exports,8459,25.0,338.36
Italy,United Kingdom,Exports,25263102,11984.0,2108.069259012016
Italy,United Kingdom,Imports,86485898,31286.0,2764.3641884549
Italy,United States of America,Exports,244082420,62028.0,3935.0361127232864
Italy,United States of America,Imports,48955,73.0,670.6164383561644
Italy,Uruguay,Exports,252478,300.0,841.5933333333334
Italy,Viet Nam,Exports,199227,562.0,354.4964412811388
Japan,Angola,Exports,204635,592.0,345.66722972972974
Japan,Bangladesh,Exports,611003,1748.0,349.5440503432494
Japan,Belgium,Exports,489801,64.0,7653.140625
Japan,Belgium,Imports,63898535,3842.0,16631.58120770432
Japan,Burundi,Exports,54329,156.0,348.2628205128205
Japan,Canada,Exports,17193,19.0,904.8947368421053
Japan,Canada,Imports,838211,308.0,2721.464285714286
Japan,Central African Rep.,Exports,53176,150.0,354.50666666666666
Japan,China,Imports,9562,2.0,4781.0
Japan,"China, Hong Kong SAR",Exports,1934,11.0,175.8181818181818
Japan,Djibouti,Exports,11859,34.0,348.79411764705884
Japan,France,Imports,88908139,113693.0,782.0018734662644
Japan,Gabon,Exports,14649,41.0,357.2926829268293
Japan,Gambia,Exports,17038,48.0,354.9583333333333
Japan,Germany,Imports,362137,127.0,2851.472440944882
Japan,Greece,Imports,3274,1.0,3274.0
Japan,Guinea,Exports,88839,252.0,352.5357142857143
Japan,Guinea-Bissau,Exports,6817,19.0,358.7894736842105
Japan,India,Imports,674801,103.0,6551.466019417476
Japan,Indonesia,Exports,1172418,42.0,27914.714285714286
Japan,Iraq,Exports,673010,1948.0,345.4876796714579
Japan,Ireland,Imports,204048363,2555.0,79862.37299412915
Japan,Italy,Imports,5317842,1101.0,4830.010899182561
Japan,Kazakhstan,Exports,217492,746.0,291.544235924933
Japan,Kuwait,Exports,42142,82.0,513.9268292682926
Japan,Lao People's Dem. Rep.,Exports,154675,438.0,353.1392694063927
Japan,Lesotho,Exports,23502,66.0,356.09090909090907
Japan,Liberia,Exports,33409,96.0,348.0104166666667
Japan,Lithuania,Imports,3161,1.0,3161.0
Japan,Malaysia,Exports,749638,2029.0,369.46180384425827
Japan,Mauritania,Exports,47717,136.0,350.8602941176471
Japan,Mexico,Exports,1447709,4899.0,295.5111247193305
Japan,Myanmar,Exports,529887,1521.0,348.3806706114398
Japan,Netherlands,Imports,154525,8.0,19315.625
Japan,Nigeria,Exports,560824,1613.0,347.6900185988841
Japan,Oman,Exports,84007,162.0,518.5617283950618
Japan,"Other Asia, nes",Exports,86635,107.0,809.6728971962617
Japan,Philippines,Exports,70871,191.0,371.0523560209424
Japan,Poland,Imports,5780,2.0,2890.0
Japan,Portugal,Imports,16419,11.0,1492.6363636363637
Japan,Qatar,Exports,45664,88.0,518.9090909090909
Japan,Rep. of Korea,Exports,9223088,13027.0,707.9978506179474
Japan,Romania,Imports,85296,29.0,2941.2413793103447
Japan,Sao Tome and Principe,Exports,3728,10.0,372.8
Japan,Singapore,Exports,65069,55.0,1183.0727272727272
Japan,Singapore,Imports,3351,4.0,837.75
Japan,South Sudan,Exports,174584,502.0,347.7768924302789
Japan,Sweden,Exports,62895,107.0,587.803738317757
Japan,Sweden,Imports,17402,8.0,2175.25
Japan,Switzerland,Imports,229295,117.0,1959.7863247863247
Japan,Tajikistan,Exports,50851,146.0,348.2945205479452
Japan,Thailand,Imports,36924,10.0,3692.4
Japan,Turkey,Imports,9863,2.0,4931.5
Japan,United Kingdom,Imports,85780,68.0,1261.4705882352941
Japan,United States of America,Exports,175131,100.0,1751.31
Japan,United States of America,Imports,124527855,14886.0,8365.434300685207
Japan,Viet Nam,Exports,51131,7.0,7304.428571428572
Kazakhstan,Austria,Imports,12950,0.0,0.0
Kazakhstan,Belgium,Imports,6239986,4098.0,1522.6905807711078
Kazakhstan,China,Imports,4249392,1947.0,2182.53312788906
Kazakhstan,France,Imports,32417314,7819.0,4145.9667476659415
Kazakhstan,India,Imports,1936851,36.0,53801.416666666664
Kazakhstan,Ireland,Imports,37600199,8871.0,4238.552474354638
Kazakhstan,Japan,Imports,242061,316.0,766.0158227848101
Kazakhstan,Mongolia,Exports,24920,0.0,0.0
Kazakhstan,Netherlands,Imports,344000,0.0,0.0
Kazakhstan,Rep. of Korea,Imports,361995,810.0,446.9074074074074
Kazakhstan,Russian Federation,Imports,5155980,10367.0,497.3454229767532
Kenya,Belgium,Imports,24298209,59197.0,410.46352011081643
Kenya,Burundi,Exports,29595,6502.0,4.551676407259305
Kenya,China,Imports,582268,10077.0,57.781879527637194
Kenya,Dem.Rep. of the Congo,Exports,2569,60.0,42.81666666666667
Kenya,Denmark,Imports,3094917,7577.0,408.46205622277944
Kenya,Djibouti,Exports,36128,422.0,85.61137440758294
Kenya,Ethiopia,Exports,30143,190.0,158.64736842105262
Kenya,France,Imports,4813228,20526.0,234.49420247490988
Kenya,Germany,Imports,449627,2000.0,224.8135
Kenya,Greece,Imports,24194,450.0,53.76444444444444
Kenya,India,Imports,13250947,45524.0,291.0760697653985
Kenya,Iraq,Exports,6320,18.0,351.1111111111111
Kenya,Ireland,Imports,664005,2577.0,257.66589057043075
Kenya,Japan,Imports,5587,70.0,79.81428571428572
Kenya,Malawi,Exports,1306,31.0,42.12903225806452
Kenya,Malaysia,Imports,7124,23.0,309.7391304347826
Kenya,Netherlands,Imports,58411,278.0,210.1115107913669
Kenya,Nigeria,Exports,12820,72.0,178.05555555555554
Kenya,Rep. of Korea,Imports,246945,2571.0,96.05017502917153
Kenya,Rwanda,Exports,438,240.0,1.825
Kenya,Senegal,Imports,96224,284.0,338.8169014084507
Kenya,Serbia,Exports,3790,18.0,210.55555555555554
Kenya,Somalia,Exports,4207507,30770.0,136.74055898602535
Kenya,South Sudan,Exports,44551,796.0,55.96859296482412
Kenya,Switzerland,Imports,857,3.0,285.6666666666667
Kenya,Uganda,Exports,74149,589.0,125.88964346349745
Kenya,United Arab Emirates,Imports,5044,12.0,420.3333333333333
Kenya,United Kingdom,Imports,98,4.0,24.5
Kenya,United Rep. of Tanzania,Exports,606,180.0,3.3666666666666667
Kenya,United States of America,Exports,66754,80.0,834.425
Kenya,United States of America,Imports,292100,1031.0,283.3171677982541
Kyrgyzstan,Austria,Imports,3900,2.0,1950.0
Kyrgyzstan,Belgium,Imports,96246,444.0,216.77027027027026
Kyrgyzstan,Bulgaria,Imports,112260,1532.0,73.27676240208878
Kyrgyzstan,China,Imports,37120,128.0,290.0
Kyrgyzstan,Denmark,Imports,482077,4273.0,112.81933068102036
Kyrgyzstan,France,Imports,3104,47.0,66.04255319148936
Kyrgyzstan,India,Imports,1183478,4931.0,240.00770634759684
Kyrgyzstan,Rep. of Korea,Imports,264613,1328.0,199.25677710843374
Kyrgyzstan,Russian Federation,Imports,10017,60.0,166.95
Kyrgyzstan,South Africa,Imports,6878,13.0,529.0769230769231
Kyrgyzstan,United States of America,Imports,814280,4740.0,171.78902953586498
Latvia,Australia,Exports,7287,54.0,134.94444444444446
Latvia,Austria,Imports,2910395,2622.0,1109.9904652936689
Latvia,Belgium,Imports,44115,40.0,1102.875
Latvia,Estonia,Exports,1385609,818.0,1693.898533007335
Latvia,France,Imports,3406142,3951.0,862.0961781827385
Latvia,Germany,Exports,2772,2.0,1386.0
Latvia,Hungary,Imports,854018,806.0,1059.575682382134
Latvia,Lithuania,Exports,105473,109.0,967.6422018348624
Latvia,Lithuania,Imports,1757545,938.0,1873.7153518123666
Latvia,Netherlands,Imports,25669,3.0,8556.333333333334
Latvia,New Zealand,Exports,17046,27.0,631.3333333333334
Latvia,Poland,Imports,6404584,6478.0,988.6668724915097
Latvia,Rep. of Korea,Exports,49179,72.0,683.0416666666666
Latvia,Sweden,Imports,3030,30.0,101.0
Latvia,Switzerland,Exports,4823,5.0,964.6
Lithuania,Austria,Exports,28,0.0,0.0
Lithuania,Belgium,Imports,137627,142.0,969.2042253521126
Lithuania,Bulgaria,Imports,5547,0.0,0.0
Lithuania,"China, Hong Kong SAR",Exports,5889,0.0,0.0
Lithuania,Czech Rep.,Exports,55622,21.0,2648.6666666666665
Lithuania,Denmark,Exports,101041,0.0,0.0
Lithuania,Denmark,Imports,58041,0.0,0.0
Lithuania,Estonia,Exports,2560669,2832.0,904.1910310734463
Lithuania,Estonia,Imports,17941,155.0,115.7483870967742
Lithuania,France,Imports,4077968,3928.0,1038.1792260692464
Lithuania,Germany,Exports,82561,45.0,1834.6888888888889
Lithuania,Hungary,Imports,3792572,3039.0,1247.9670944389602
Lithuania,Latvia,Exports,1864829,4989.0,373.78813389456803
Lithuania,Latvia,Imports,2116,1.0,2116.0
Lithuania,Netherlands,Imports,3602602,10174.0,354.0988794967564
Lithuania,Norway,Imports,5041,40.0,126.025
Lithuania,"Other Asia, nes",Exports,11,2.0,5.5
Lithuania,Poland,Imports,6801322,2299.0,2958.3827751196172
Lithuania,Portugal,Imports,3063,1.0,3063.0
Lithuania,Singapore,Exports,285610,142.0,2011.338028169014
Lithuania,Slovakia,Exports,55610,0.0,0.0
Lithuania,Slovakia,Imports,96784,0.0,0.0
Lithuania,Sweden,Imports,122240,51.0,2396.8627450980393
Luxembourg,Belgium,Exports,9025,70.0,128.92857142857142
Luxembourg,Belgium,Imports,6228877,3499.0,1780.1877679336953
Luxembourg,France,Imports,24684,19.0,1299.157894736842
Luxembourg,Netherlands,Imports,670,0.0,0.0
Luxembourg,"Other Europe, nes",Imports,774,2.0,387.0
Luxembourg,United States of America,Imports,1042,1.0,1042.0
Madagascar,Belgium,Imports,9873618,16141.0,611.7104268632675
Madagascar,Comoros,Exports,101,80.0,1.2625
Madagascar,France,Imports,1691677,7961.0,212.4955407612109
Madagascar,Germany,Imports,4201,66.0,63.65151515151515
Madagascar,India,Imports,2781345,37764.0,73.65069907848745
Madagascar,Indonesia,Imports,344750,2812.0,122.599573257468
Madagascar,Kenya,Imports,8641,24.0,360.0416666666667
Madagascar,Mauritius,Imports,14618,30.0,487.26666666666665
Madagascar,Netherlands,Imports,1952885,7361.0,265.3015894579541
Madagascar,Rep. of Korea,Imports,1336254,6918.0,193.1561144839549
Madagascar,South Africa,Imports,4618,16.0,288.625
Madagascar,Switzerland,Imports,13119,155.0,84.63870967741936
Madagascar,United States of America,Imports,3082,4.0,770.5
Malaysia,Belgium,Imports,13597782,2004933.0,6.782162795464986
Malaysia,Brunei Darussalam,Exports,20382,30.0,679.4
Malaysia,Canada,Imports,55794,62.0,899.9032258064516
Malaysia,China,Imports,59667,54720.0,1.090405701754386
Malaysia,"China, Hong Kong SAR",Exports,35575,2632.0,13.516337386018238
Malaysia,France,Imports,27938885,76923.0,363.2058682058682
Malaysia,Germany,Imports,569691,2905.0,196.10705679862306
Malaysia,India,Imports,1044936,4978.0,209.91080755323424
Malaysia,Indonesia,Imports,360016,5544.0,64.93795093795094
Malaysia,Japan,Imports,840665,202000.0,4.161707920792079
Malaysia,Nepal,Exports,18884,249.0,75.83935742971887
Malaysia,Netherlands,Imports,645278,108741.0,5.93408190103089
Malaysia,Rep. of Korea,Imports,3975171,233128.0,17.051452420987612
Malaysia,Singapore,Imports,151614,650.0,233.25230769230768
Malaysia,Spain,Imports,2427182,3769.0,643.9856725921995
Malaysia,Switzerland,Imports,2015138,1476.0,1365.269647696477
Malaysia,Thailand,Imports,1613188,43479.0,37.10269325421468
Malaysia,United Kingdom,Imports,8841741,53852.0,164.1859355269999
Malaysia,United States of America,Imports,11565670,134943.0,85.70781737474341
Maldives,Denmark,Imports,14513,0.0,0.0
Maldives,France,Imports,2729,0.0,0.0
Maldives,India,Imports,391232,216.0,1811.2592592592594
Maldives,Indonesia,Imports,8113,0.0,0.0
Maldives,Netherlands,Imports,106293,0.0,0.0
Maldives,Singapore,Imports,17,0.0,0.0
Maldives,Sri Lanka,Imports,203785,0.0,0.0
Mauritius,Belgium,Imports,6168808,2120.0,2909.8150943396226
Mauritius,Canada,Imports,17327,21.0,825.0952380952381
Mauritius,China,Imports,4655,15.0,310.3333333333333
Mauritius,Comoros,Exports,1161550,182.0,6382.142857142857
Mauritius,Denmark,Imports,1786,37.0,48.270270270270274
Mauritius,France,Imports,9781702,6182.0,1582.287609187965
Mauritius,Germany,Imports,3655,14.0,261.07142857142856
Mauritius,India,Imports,1455190,1158.0,1256.6407599309155
Mauritius,Netherlands,Imports,11737,143.0,82.07692307692308
Mauritius,Rep. of Korea,Imports,160085,82.0,1952.2560975609756
Mauritius,Russian Federation,Imports,3340,5.0,668.0
Mauritius,Senegal,Imports,3758,13.0,289.0769230769231
Mauritius,South Africa,Exports,14136,6.0,2356.0
Mauritius,South Africa,Imports,61159355,4057.0,15075.01971900419
Mauritius,United Kingdom,Imports,41402,33.0,1254.6060606060605
Mauritius,United States of America,Imports,84308,450.0,187.35111111111112
Mexico,France,Imports,2881786,8265.0,348.6734422262553
Mongolia,Austria,Imports,2860,0.0,0.0
Mongolia,Belgium,Imports,238447,422.0,565.0402843601896
Mongolia,Bulgaria,Imports,42270,292.0,144.76027397260273
Mongolia,China,Imports,590020,2402.0,245.6369691923397
Mongolia,France,Imports,1757,1.0,1757.0
Mongolia,Germany,Imports,1668,1.0,1668.0
Mongolia,India,Imports,569749,1983.0,287.3166918809884
Mongolia,Indonesia,Imports,74085,459.0,161.40522875816993
Mongolia,Kazakhstan,Imports,27113,26.0,1042.8076923076924
Mongolia,Netherlands,Imports,75796,79.0,959.4430379746835
Mongolia,Rep. of Korea,Imports,712252,3164.0,225.11125158027812
Mongolia,Russian Federation,Imports,70846,76.0,932.1842105263158
Mongolia,Singapore,Imports,26323,14.0,1880.2142857142858
Mongolia,United Kingdom,Imports,27685,5.0,5537.0
Mongolia,United States of America,Imports,409396,832.0,492.0625
Montenegro,Belgium,Imports,138536,292.0,474.43835616438355
Montenegro,Croatia,Exports,10557,45.0,234.6
Montenegro,France,Imports,537011,892.0,602.030269058296
Montenegro,Hungary,Imports,13471,56.0,240.55357142857142
Montenegro,Netherlands,Imports,83930,25.0,3357.2
Montenegro,Rep. of Korea,Imports,56501,237.0,238.40084388185653
Montenegro,Serbia,Exports,19715,152.0,129.70394736842104
Montenegro,Serbia,Imports,85422,317.0,269.47003154574134
Montenegro,United States of America,Imports,15507,5.0,3101.4
Morocco,Australia,Imports,194,0.0,0.0
Morocco,Belgium,Imports,22272199,50823.0,438.23070263463393
Morocco,Canada,Imports,240631,1730.0,139.09306358381502
Morocco,Denmark,Imports,3820070,12553.0,304.31530311479327
Morocco,France,Imports,5437969,15625.0,348.030016
Morocco,India,Imports,2687661,14216.0,189.05887732132808
Morocco,Ireland,Imports,567840,542.0,1047.6752767527676
Morocco,Netherlands,Imports,333,0.0,0.0
Morocco,Rep. of Korea,Imports,58445,208.0,280.9855769230769
Morocco,United States of America,Imports,4036051,21830.0,184.88552450755842
Mozambique,Belgium,Imports,19521424,29616.0,659.1512695840087
Mozambique,France,Imports,97278,552.0,176.22826086956522
Mozambique,Greece,Imports,27119,1754.0,15.461231470923604
Mozambique,India,Imports,14523259,109652.0,132.4486466275125
Mozambique,Indonesia,Imports,71215,3787.0,18.80512278848693
Mozambique,Netherlands,Imports,641892,2356.0,272.4499151103565
Mozambique,Rep. of Korea,Imports,589959,288.0,2048.46875
Mozambique,South Africa,Imports,105317,307.0,343.0521172638436
Mozambique,United States of America,Imports,23662,50.0,473.24
Myanmar,Australia,Imports,15,1.0,15.0
Myanmar,Belgium,Imports,12090863,18368.0,658.2569141986063
Myanmar,Bulgaria,Imports,83500,50000.0,1.67
Myanmar,Canada,Imports,250,39.0,6.410256410256411
Myanmar,China,Imports,663095,10052.0,65.96647433346598
Myanmar,France,Imports,1877485,19376.0,96.89745045417011
Myanmar,India,Imports,4108495,58096.0,70.71906843844671
Myanmar,Indonesia,Imports,576216,4556.0,126.47410008779632
Myanmar,Italy,Imports,9950,20.0,497.5
Myanmar,Japan,Imports,153000,616.0,248.37662337662337
Myanmar,Netherlands,Imports,1787520,6984.0,255.94501718213058
Myanmar,Rep. of Korea,Imports,2415510,14295.0,168.97586568730324
Myanmar,Thailand,Imports,381399,1273.0,299.6064414768264
Myanmar,United States of America,Imports,571512,2286.0,250.00524934383202
New Zealand,Australia,Exports,4705117,0.0,0.0
New Zealand,Australia,Imports,2638424,0.0,0.0
New Zealand,Austria,Imports,2339,0.0,0.0
New Zealand,Belgium,Imports,14441966,0.0,0.0
New Zealand,Cook Isds,Exports,3442,0.0,0.0
New Zealand,Czech Rep.,Imports,5317,0.0,0.0
New Zealand,Denmark,Imports,690337,0.0,0.0
New Zealand,Fiji,Exports,145467,0.0,0.0
New Zealand,France,Imports,325265,0.0,0.0
New Zealand,Ireland,Imports,1496940,0.0,0.0
New Zealand,Italy,Imports,732094,0.0,0.0
New Zealand,Netherlands,Imports,7409670,0.0,0.0
New Zealand,Niue,Exports,3131,0.0,0.0
New Zealand,Papua New Guinea,Exports,5399,0.0,0.0
New Zealand,Spain,Imports,35412,0.0,0.0
New Zealand,Switzerland,Imports,10958,0.0,0.0
New Zealand,United Kingdom,Imports,107660,0.0,0.0
New Zealand,United States of America,Imports,16534558,0.0,0.0
New Zealand,Vanuatu,Exports,638,0.0,0.0
Nigeria,Belgium,Imports,775689,16380.0,47.35586080586081
Nigeria,China,Imports,48095,1250.0,38.476
Nigeria,France,Imports,87795,374.0,234.74598930481284
Nigeria,Germany,Imports,1360,102.0,13.333333333333334
Nigeria,India,Imports,326692,6700.0,48.76
Nigeria,Switzerland,Imports,114864,754.0,152.3395225464191
Norway,Austria,Imports,463754,454.0,1021.4845814977973
Norway,Belgium,Imports,17289629,38764.0,446.0228304612527
Norway,China,Imports,2319,2.0,1159.5
Norway,Czech Rep.,Imports,31641,142.0,222.82394366197184
Norway,Denmark,Imports,46092,62.0,743.4193548387096
Norway,France,Imports,7927119,10639.0,745.1000093993796
Norway,Germany,Imports,367630,131.0,2806.335877862595
Norway,Iceland,Exports,13808,10.0,1380.8
Norway,Ireland,Imports,4049694,1615.0,2507.550464396285
Norway,Italy,Imports,159788,92.0,1736.8260869565217
Norway,Netherlands,Imports,1260181,6023.0,209.22812551884442
Norway,Poland,Imports,4546,31.0,146.6451612903226
Norway,Sweden,Imports,1657297,1941.0,853.8366821226172
Norway,United Kingdom,Imports,258637,1213.0,213.22093981863148
Norway,United States of America,Imports,7935459,5450.0,1456.0475229357799
Oman,Belgium,Imports,748094,749.0,998.7903871829105
Oman,France,Imports,5944293,3683.0,1613.9812652728754
Oman,India,Imports,507236,4631.0,109.53055495573311
Oman,Ireland,Exports,373,340.0,1.0970588235294119
Oman,Japan,Imports,38936,95.0,409.85263157894735
Oman,Netherlands,Imports,834508,7122.0,117.17326593653468
Oman,Qatar,Imports,1845277,7264.0,254.03042400881057
Oman,Sweden,Exports,32,10.0,3.2
Oman,Switzerland,Exports,19,24.0,0.7916666666666666
Oman,Switzerland,Imports,709616,2628.0,270.02130898021306
Oman,Thailand,Imports,55924,141.0,396.6241134751773
Oman,United Arab Emirates,Imports,3495332,8479.0,412.2339898572945
Oman,United Kingdom,Exports,3,0.0,0.0
Oman,United Kingdom,Imports,5599425,7612.0,735.6049658434051
Oman,United States of America,Exports,94,18.0,5.222222222222222
Oman,United States of America,Imports,1359195,5351.0,254.00766211923005
Pakistan,Argentina,Imports,727959,10157.0,71.67067047356502
Pakistan,Austria,Imports,40791,370.0,110.24594594594595
Pakistan,Belgium,Imports,76523680,869995.0,87.95875838366887
Pakistan,China,Imports,4122071,55821.0,73.8444492216191
Pakistan,"China, Hong Kong SAR",Imports,5391,62.0,86.95161290322581
Pakistan,Cuba,Imports,71781,735.0,97.66122448979591
Pakistan,Czech Rep.,Imports,6730,53.0,126.98113207547169
Pakistan,Dem. People's Rep. of Korea,Imports,835764,6588.0,126.8615664845173
Pakistan,Denmark,Imports,38404698,575212.0,66.7661627365215
Pakistan,Egypt,Imports,82001,707.0,115.98444130127298
Pakistan,France,Imports,41758184,579623.0,72.04369736880696
Pakistan,Germany,Imports,7967945,87476.0,91.08721249256939
Pakistan,India,Imports,43297937,634959.0,68.19013038637141
Pakistan,Indonesia,Imports,10916435,103938.0,105.02833419923415
Pakistan,Ireland,Imports,1434962,16016.0,89.59552947052947
Pakistan,Italy,Imports,851087,10826.0,78.61509329392204
Pakistan,Japan,Imports,292740,3056.0,95.79188481675392
Pakistan,Netherlands,Imports,735239,5496.0,133.77711062590976
Pakistan,Rep. of Korea,Imports,1918179,15892.0,120.70091870123332
Pakistan,Russian Federation,Imports,20040,139.0,144.1726618705036
Pakistan,Singapore,Imports,171289,1613.0,106.19280843149411
Pakistan,Swaziland,Imports,695965,9439.0,73.73291662252358
Pakistan,Switzerland,Imports,5565087,71343.0,78.00466759177495
Pakistan,United Arab Emirates,Imports,32,1.0,32.0
Pakistan,United Kingdom,Imports,2005790,25392.0,78.99298991808443
Pakistan,United States of America,Imports,6355707,74738.0,85.0398324814686
Panama,Belgium,Imports,16748,287.0,58.35540069686411
Panama,Ireland,Imports,29710,147.0,202.10884353741497
Panama,Portugal,Imports,1552,7.0,221.71428571428572
Panama,United States of America,Imports,5100,43.0,118.6046511627907
Paraguay,Argentina,Exports,36440,1896.0,19.219409282700422
Paraguay,Argentina,Imports,211534,3890.0,54.37892030848329
Paraguay,Australia,Imports,21554,64.0,336.78125
Paraguay,Belgium,Imports,293,17.0,17.235294117647058
Paraguay,Canada,Imports,3500,3.0,1166.6666666666667
Paraguay,France,Imports,2654175,1947.0,1363.2126348228044
Paraguay,India,Imports,784841,8241.0,95.23613639121466
Paraguay,Ireland,Imports,60648,44.0,1378.3636363636363
Paraguay,Netherlands,Imports,20982,17.0,1234.235294117647
Paraguay,Rep. of Korea,Imports,1484295,5208.0,285.0028801843318
Paraguay,Switzerland,Imports,118498,263.0,450.56273764258555
Paraguay,United States of America,Imports,7803553,8352.0,934.3334530651341
Peru,Australia,Imports,143806,1222.0,117.68085106382979
Peru,Belgium,Imports,28987633,28646.0,1011.9260280667457
Peru,Brazil,Imports,2913,0.0,0.0
Peru,Canada,Imports,89107,95.0,937.9684210526316
Peru,Ecuador,Exports,249,5.0,49.8
Peru,France,Imports,15575448,50663.0,307.43240629256064
Peru,Germany,Imports,188963,336.0,562.389880952381
Peru,India,Imports,10943337,65255.0,167.70112635047124
Peru,Ireland,Imports,2142918,1085.0,1975.0396313364056
Peru,Rep. of Korea,Imports,9921755,24333.0,407.7489417663256
Peru,Singapore,Exports,8466,3.0,2822.0
Peru,United Kingdom,Imports,32265,22.0,1466.590909090909
Peru,United States of America,Imports,28136331,24086.0,1168.1612139832268
Philippines,Australia,Exports,323459,3280.0,98.6155487804878
Philippines,Australia,Imports,2615,20.0,130.75
Philippines,Austria,Imports,30147,15.0,2009.8
Philippines,Belgium,Imports,68571247,69291.0,989.6126048115917
Philippines,Canada,Imports,209230,495.0,422.6868686868687
Philippines,China,Imports,1799509,55866.0,32.21116600436759
Philippines,"China, Hong Kong SAR",Imports,30732,452.0,67.99115044247787
Philippines,France,Imports,14642191,24737.0,591.914581396289
Philippines,Germany,Imports,5026710,19416.0,258.8952410383189
Philippines,India,Imports,20090591,138090.0,145.48910855239336
Philippines,Indonesia,Imports,206451,2238.0,92.2479892761394
Philippines,Ireland,Imports,8299326,6719.0,1235.2025599047477
Philippines,Italy,Imports,1219938,8896.0,137.13331834532374
Philippines,Japan,Imports,67781,194.0,349.38659793814435
Philippines,Netherlands,Imports,33151704,53513.0,619.5074841627268
Philippines,Pakistan,Imports,80350,6266.0,12.823172677944463
Philippines,Rep. of Korea,Imports,2233548,13738.0,162.58174406754986
Philippines,Singapore,Exports,90,4.0,22.5
Philippines,Thailand,Imports,708483,2188.0,323.8039305301645
Philippines,United Kingdom,Imports,986336,1986.0,496.6445115810675
Philippines,United States of America,Imports,4880050,10647.0,458.34976988823144
Poland,Australia,Exports,19177,20.0,958.85
Poland,Australia,Imports,257969,152.0,1697.1644736842106
Poland,Austria,Exports,54051,22.0,2456.8636363636365
Poland,Austria,Imports,7428699,7149.0,1039.124213176668
Poland,Belgium,Imports,685878035,2767598.0,247.8242992660061
Poland,Bosnia Herzegovina,Exports,212753,27.0,7879.740740740741
Poland,China,Imports,17,3.0,5.666666666666667
Poland,Croatia,Exports,189971,31.0,6128.096774193548
Poland,Czech Rep.,Exports,13031098,40556.0,321.31122398658647
Poland,Denmark,Exports,6772162,116173.0,58.29376877587735
Poland,Denmark,Imports,4141908,13297.0,311.4919154696548
Poland,Estonia,Exports,1000449,5080.0,196.93877952755906
Poland,Finland,Exports,15881111,18398.0,863.1976845309273
Poland,France,Imports,29595586,81124.0,364.819116414378
Poland,Germany,Exports,464441550,804686.0,577.1711574452644
Poland,Germany,Imports,18556027,17903.0,1036.4758420376472
Poland,Hungary,Exports,77389,34.0,2276.1470588235293
Poland,Hungary,Imports,9622768,21434.0,448.94877297751236
Poland,Ireland,Imports,2026125,968.0,2093.1043388429753
Poland,Italy,Exports,18696,94.0,198.89361702127658
Poland,Italy,Imports,40352775,257961.0,156.42975100887344
Poland,Kazakhstan,Exports,161,1.0,161.0
Poland,Latvia,Exports,6209097,15679.0,396.013585050067
Poland,Lithuania,Exports,5070811,6927.0,732.0356575718204
Poland,Malta,Exports,9465,2.0,4732.5
Poland,Netherlands,Exports,210315,362.0,580.9806629834254
Poland,Netherlands,Imports,39848,76.0,524.3157894736842
Poland,Portugal,Imports,1207329,2001.0,603.3628185907046
Poland,Rep. of Korea,Imports,2132041,10936.0,194.95619970738844
Poland,Romania,Exports,3103,1.0,3103.0
Poland,Russian Federation,Exports,4943925,1029.0,4804.591836734694
Poland,Slovakia,Exports,17691657,126275.0,140.10419322906355
Poland,Slovenia,Exports,11600,8.0,1450.0
Poland,Spain,Imports,485251,1398.0,347.10371959942773
Poland,Sweden,Exports,33528089,315951.0,106.11800247506734
Poland,Sweden,Imports,1496880,3277.0,456.7836435764419
Poland,Thailand,Exports,140110,129.0,1086.124031007752
Poland,Tunisia,Imports,46,2.0,23.0
Poland,United Kingdom,Exports,323,1.0,323.0
Poland,United Kingdom,Imports,2344852,4861.0,482.3805801275458
Poland,United States of America,Imports,10421398,5717.0,1822.8787825782754
Portugal,Angola,Exports,741969,1343.0,552.4713328369322
Portugal,Austria,Imports,502605,388.0,1295.3737113402062
Portugal,Belgium,Imports,7738457,5995.0,1290.8185154295245
Portugal,Bulgaria,Exports,82234,483.0,170.2567287784679
Portugal,Bunkers,Exports,298,1.0,298.0
Portugal,Cabo Verde,Exports,124905,458.0,272.7183406113537
Portugal,Czech Rep.,Exports,161263,82.0,1966.621951219512
Portugal,Denmark,Exports,281681,400.0,704.2025
Portugal,Denmark,Imports,2174315,3024.0,719.0195105820105
Portugal,France,Imports,9558428,31975.0,298.93441751368255
Portugal,Germany,Exports,4875754,5306.0,918.9133056916698
Portugal,Germany,Imports,10641,23.0,462.6521739130435
Portugal,Greece,Imports,122999,222.0,554.0495495495495
Portugal,Hungary,Exports,896161,2043.0,438.6495349975526
Portugal,India,Imports,157,0.0,0.0
Portugal,Italy,Exports,1014972,4488.0,226.1524064171123
Portugal,Lithuania,Exports,3489,2.0,1744.5
Portugal,Lithuania,Imports,404,0.0,0.0
Portugal,Netherlands,Exports,56178,268.0,209.61940298507463
Portugal,Netherlands,Imports,12907817,15668.0,823.833099310697
Portugal,Poland,Exports,837277,1771.0,472.7707509881423
Portugal,Spain,Imports,31532941,20266.0,1555.9528767393665
Portugal,Switzerland,Exports,343864,11902.0,28.891278776676188
Portugal,Switzerland,Imports,8630432,12439.0,693.8204035694188
Portugal,United Kingdom,Exports,325902,560.0,581.9678571428572
Portugal,United Kingdom,Imports,17894201,10209.0,1752.7868547360172
Qatar,Belgium,Imports,3637132,8349.0,435.63684273565696
Qatar,Canada,Imports,109550,180.0,608.6111111111111
Qatar,Finland,Imports,43449,32.0,1357.78125
Qatar,France,Imports,2898735,13851.0,209.2798353909465
Qatar,Germany,Imports,16473,632.0,26.064873417721518
Qatar,India,Imports,300237,703.0,427.0796586059744
Qatar,Ireland,Imports,3604839,3234.0,1114.6688311688313
Qatar,Japan,Imports,73057,208.0,351.2355769230769
Qatar,Netherlands,Imports,23904,460.0,51.96521739130435
Qatar,Switzerland,Imports,112519,49.0,2296.3061224489797
Qatar,Turkey,Imports,16798,195.0,86.14358974358974
Qatar,United Kingdom,Imports,46456,1058.0,43.90926275992439
Qatar,United States of America,Imports,2343392,6942.0,337.56727167963123
Rep. of Korea,Afghanistan,Exports,560065,2940.0,190.4982993197279
Rep. of Korea,Albania,Exports,6657,123.0,54.1219512195122
Rep. of Korea,Angola,Exports,1114815,3298.0,338.0275924802911
Rep. of Korea,Anguilla,Exports,1389,18.0,77.16666666666667
Rep. of Korea,Antigua and Barbuda,Exports,21444,31.0,691.741935483871
Rep. of Korea,Argentina,Exports,502236,6416.0,78.2786783042394
Rep. of Korea,Armenia,Exports,246912,1679.0,147.0589636688505
Rep. of Korea,Aruba,Exports,5788,55.0,105.23636363636363
Rep. of Korea,Australia,Exports,36969,49.0,754.469387755102
Rep. of Korea,Australia,Imports,1215651,182.0,6679.4010989010985
Rep. of Korea,Azerbaijan,Exports,42007,708.0,59.3319209039548
Rep. of Korea,Bahamas,Exports,44800,37.0,1210.8108108108108
Rep. of Korea,Bangladesh,Exports,1107440,8982.0,123.29547984858606
Rep. of Korea,Barbados,Exports,44800,72.0,622.2222222222222
Rep. of Korea,Belarus,Exports,15990,25.0,639.6
Rep. of Korea,Belgium,Imports,23747411,47061.0,504.60914557701705
Rep. of Korea,Belize,Exports,50796,59.0,860.9491525423729
Rep. of Korea,Bolivia,Exports,3442321,3671.0,937.7066194497412
Rep. of Korea,Bosnia Herzegovina,Exports,100340,282.0,355.8156028368794
Rep. of Korea,Br. Virgin Isds,Exports,20776,30.0,692.5333333333333
Rep. of Korea,Brazil,Exports,2774356,18533.0,149.6981600388496
Rep. of Korea,Bulgaria,Imports,3278749,8663.0,378.47731732656126
Rep. of Korea,Burundi,Exports,178230,532.0,335.0187969924812
Rep. of Korea,Cambodia,Exports,788392,6863.0,114.87571033075915
Rep. of Korea,Canada,Exports,926,5.0,185.2
Rep. of Korea,Canada,Imports,4503052,5701.0,789.8705490264866
Rep. of Korea,Cayman Isds,Exports,6386,22.0,290.27272727272725
Rep. of Korea,Chile,Exports,740678,2255.0,328.460310421286
Rep. of Korea,China,Exports,327139,63.0,5192.68253968254
Rep. of Korea,China,Imports,3845657,6684.0,575.3526331538001
Rep. of Korea,"China, Hong Kong SAR",Exports,44094,15.0,2939.6
Rep. of Korea,Colombia,Exports,5762288,7072.0,814.8031674208145
Rep. of Korea,Congo,Exports,2849872,7778.0,366.4016456672667
Rep. of Korea,Costa Rica,Exports,1042088,2516.0,414.18441971383146
Rep. of Korea,Cuba,Exports,437740,373.0,1173.5656836461126
Rep. of Korea,Curaçao,Exports,871,17.0,51.23529411764706
Rep. of Korea,Dem.Rep. of the Congo,Exports,2032550,6038.0,336.62636634647237
Rep. of Korea,Denmark,Imports,1050578,932.0,1127.2296137339056
Rep. of Korea,Djibouti,Exports,34075,202.0,168.6881188118812
Rep. of Korea,Dominican Rep.,Exports,660800,541.0,1221.441774491682
Rep. of Korea,Ecuador,Exports,11062624,13180.0,839.3493171471927
Rep. of Korea,Egypt,Exports,310163,3911.0,79.30529276399898
Rep. of Korea,El Salvador,Exports,12331,25.0,493.24
Rep. of Korea,Equatorial Guinea,Exports,26000,80.0,325.0
Rep. of Korea,Ethiopia,Exports,1579074,12822.0,123.1534861956013
Rep. of Korea,Fiji,Exports,101924,1110.0,91.82342342342342
Rep. of Korea,France,Exports,1198859,2964.0,404.47334682861
Rep. of Korea,France,Imports,39850504,68815.0,579.0961854246893
Rep. of Korea,Gambia,Exports,15750,184.0,85.59782608695652
Rep. of Korea,Georgia,Exports,22805,132.0,172.7651515151515
Rep. of Korea,Germany,Exports,22750,80.0,284.375
Rep. of Korea,Germany,Imports,13585342,24550.0,553.3744195519348
Rep. of Korea,Grenada,Exports,6241,40.0,156.025
Rep. of Korea,Guatemala,Exports,2953701,5750.0,513.6871304347826
Rep. of Korea,Guinea-Bissau,Exports,67600,213.0,317.37089201877933
Rep. of Korea,Guyana,Exports,14212,201.0,70.70646766169155
Rep. of Korea,Haiti,Exports,39480,53.0,744.9056603773585
Rep. of Korea,Honduras,Exports,3272053,6346.0,515.6087299086039
Rep. of Korea,India,Exports,35061,13.0,2697.0
Rep. of Korea,India,Imports,19423,26.0,747.0384615384615
Rep. of Korea,Indonesia,Exports,23579997,9035.0,2609.850249031544
Rep. of Korea,Indonesia,Imports,12192,30.0,406.4
Rep. of Korea,Iran,Exports,578689,3913.0,147.88883209813443
Rep. of Korea,Iraq,Exports,1817198,7640.0,237.85314136125655
Rep. of Korea,Ireland,Exports,8640,59.0,146.4406779661017
Rep. of Korea,Ireland,Imports,38297038,31278.0,1224.4081463009143
Rep. of Korea,Israel,Imports,144000,53.0,2716.9811320754716
Rep. of Korea,Italy,Imports,7569091,4102.0,1845.219648951731
Rep. of Korea,Jamaica,Exports,123554,643.0,192.1524105754277
Rep. of Korea,Japan,Imports,13390739,13031.0,1027.6064001227842
Rep. of Korea,Jordan,Exports,7,1.0,7.0
Rep. of Korea,Kazakhstan,Exports,345420,1838.0,187.93253536452667
Rep. of Korea,Kyrgyzstan,Exports,252000,1191.0,211.58690176322418
Rep. of Korea,Lao People's Dem. Rep.,Exports,247734,2270.0,109.13392070484582
Rep. of Korea,Latvia,Imports,6883,5.0,1376.6
Rep. of Korea,Lebanon,Exports,15120,262.0,57.70992366412214
Rep. of Korea,Lesotho,Exports,22425,80.0,280.3125
Rep. of Korea,Liberia,Exports,265525,798.0,332.73809523809524
Rep. of Korea,Libya,Exports,142961,442.0,323.44117647058823
Rep. of Korea,Madagascar,Exports,848575,2527.0,335.803324099723
Rep. of Korea,Malawi,Exports,2041826,5637.0,362.21855596948734
Rep. of Korea,Malaysia,Exports,1817120,22067.0,82.3455839035664
Rep. of Korea,Mongolia,Exports,711100,3164.0,224.7471554993679
Rep. of Korea,Montserrat,Exports,37156,160.0,232.225
Rep. of Korea,Morocco,Exports,1712455,6537.0,261.9634388863393
Rep. of Korea,Mozambique,Exports,514800,1186.0,434.06408094435074
Rep. of Korea,Myanmar,Exports,2417538,7401.0,326.6501824077827
Rep. of Korea,Nepal,Exports,197085,314.0,627.6592356687898
Rep. of Korea,Netherlands,Exports,500,1.0,500.0
Rep. of Korea,Netherlands,Imports,45,0.0,0.0
Rep. of Korea,Nicaragua,Exports,7072,100.0,70.72
Rep. of Korea,Niger,Exports,1248838,3724.0,335.3485499462943
Rep. of Korea,Nigeria,Exports,5762475,22536.0,255.7008785942492
Rep. of Korea,"Other Asia, nes",Exports,19683,16.0,1230.1875
Rep. of Korea,Pakistan,Exports,1622238,13179.0,123.09264739358069
Rep. of Korea,Panama,Exports,79607,482.0,165.1597510373444
Rep. of Korea,Papua New Guinea,Exports,24500,277.0,88.4476534296029
Rep. of Korea,Paraguay,Exports,3500,8.0,437.5
Rep. of Korea,Peru,Exports,9632650,23001.0,418.792661188644
Rep. of Korea,Philippines,Exports,1915818,11112.0,172.4098272138229
Rep. of Korea,Poland,Exports,2090181,10903.0,191.70696138677428
Rep. of Korea,Poland,Imports,75987,10.0,7598.7
Rep. of Korea,Romania,Exports,641429,2288.0,280.34484265734267
Rep. of Korea,Russian Federation,Exports,98577,396.0,248.9318181818182
Rep. of Korea,Russian Federation,Imports,193267,104.0,1858.3365384615386
Rep. of Korea,Saint Kitts and Nevis,Exports,4259,36.0,118.30555555555556
Rep. of Korea,Saint Lucia,Exports,19780,55.0,359.6363636363636
Rep. of Korea,Saint Vincent and the Grenadines,Exports,1104,17.0,64.94117647058823
Rep. of Korea,Sao Tome and Principe,Exports,2650,46.0,57.608695652173914
Rep. of Korea,Saudi Arabia,Exports,3017805,10334.0,292.026804722276
Rep. of Korea,Serbia,Exports,608478,1890.0,321.94603174603174
Rep. of Korea,Singapore,Exports,5050,15.0,336.6666666666667
Rep. of Korea,Solomon Isds,Exports,57820,498.0,116.10441767068274
Rep. of Korea,Somalia,Exports,502710,1160.0,433.37068965517244
Rep. of Korea,South Africa,Exports,370377,1780.0,208.07696629213484
Rep. of Korea,Sri Lanka,Exports,27770,69.0,402.463768115942
Rep. of Korea,Sudan,Exports,3739786,29603.0,126.33131777184745
Rep. of Korea,Suriname,Exports,13282,126.0,105.41269841269842
Rep. of Korea,Sweden,Imports,207285,433.0,478.71824480369514
Rep. of Korea,Switzerland,Exports,130,1.0,130.0
Rep. of Korea,Switzerland,Imports,13009,33.0,394.2121212121212
Rep. of Korea,Syria,Exports,2226154,6620.0,336.27703927492445
Rep. of Korea,Tajikistan,Exports,183736,2298.0,79.95474325500435
Rep. of Korea,Thailand,Exports,1670870,4291.0,389.38941971568397
Rep. of Korea,Thailand,Imports,1406399,4492.0,313.08971504897596
Rep. of Korea,Timor-Leste,Exports,20020,80.0,250.25
Rep. of Korea,Togo,Exports,71500,213.0,335.6807511737089
Rep. of Korea,Trinidad and Tobago,Exports,197107,316.0,623.756329113924
Rep. of Korea,Turkey,Exports,26500240,50141.0,528.5143894218304
Rep. of Korea,Turkmenistan,Exports,488250,4101.0,119.05632772494513
Rep. of Korea,Turks and Caicos Isds,Exports,2016,18.0,112.0
Rep. of Korea,Uganda,Exports,1603595,3996.0,401.30005005005006
Rep. of Korea,Ukraine,Exports,1059990,12779.0,82.94780499256593
Rep. of Korea,United Kingdom,Exports,20000,36.0,555.5555555555555
Rep. of Korea,United Kingdom,Imports,17337,3.0,5779.0
Rep. of Korea,United Rep. of Tanzania,Exports,18,0.0,0.0
Rep. of Korea,United States of America,Exports,76529,249.0,307.3453815261044
Rep. of Korea,United States of America,Imports,120487847,76215.0,1580.894141573181
Rep. of Korea,Uruguay,Exports,1713962,4106.0,417.4286410131515
Rep. of Korea,Uzbekistan,Exports,32334,96.0,336.8125
Rep. of Korea,Vanuatu,Exports,32340,284.0,113.87323943661971
Rep. of Korea,Viet Nam,Exports,4591515,11989.0,382.9773125364918
Rep. of Korea,Viet Nam,Imports,4000,0.0,0.0
Rep. of Korea,Yemen,Exports,4912135,11949.0,411.09172315674954
Rep. of Korea,Zambia,Exports,3575494,8286.0,431.5102582669563
Rep. of Korea,Zimbabwe,Exports,1969390,5103.0,385.9278855575152
Rep. of Moldova,Austria,Imports,1337,4.0,334.25
Rep. of Moldova,Bangladesh,Imports,7043,6.0,1173.8333333333333
Rep. of Moldova,Belgium,Imports,872983,1700.0,513.5194117647059
Rep. of Moldova,Bulgaria,Imports,58062,650.0,89.32615384615384
Rep. of Moldova,China,Imports,269925,893.0,302.26763717805153
Rep. of Moldova,Denmark,Imports,49831,180.0,276.8388888888889
Rep. of Moldova,France,Imports,274991,636.0,432.37578616352204
Rep. of Moldova,India,Imports,463146,2481.0,186.67714631197097
Rep. of Moldova,Ireland,Exports,834,0.0,0.0
Rep. of Moldova,Ireland,Imports,95,0.0,0.0
Rep. of Moldova,Netherlands,Imports,132773,965.0,137.58860103626944
Rep. of Moldova,Russian Federation,Imports,2243,1.0,2243.0
Rep. of Moldova,United States of America,Imports,155954,265.0,588.5056603773585
Romania,Austria,Imports,5279111,2970.0,1777.4784511784512
Romania,Belgium,Imports,15783641,14974.0,1054.0697876318952
Romania,Bulgaria,Imports,1341116,1169.0,1147.2335329341317
Romania,Cyprus,Exports,2530,5.0,506.0
Romania,Czech Rep.,Exports,192670,169.0,1140.0591715976332
Romania,Denmark,Exports,1152,1.0,1152.0
Romania,Estonia,Exports,48,0.0,0.0
Romania,France,Imports,15308391,16371.0,935.0919919369617
Romania,Germany,Exports,1685843,1225.0,1376.1983673469388
Romania,Germany,Imports,2,0.0,0.0
Romania,Greece,Exports,82,0.0,0.0
Romania,Greece,Imports,4,0.0,0.0
Romania,Hungary,Exports,290956,158.0,1841.493670886076
Romania,Hungary,Imports,1475575,1032.0,1429.8207364341085
Romania,Ireland,Exports,195793,286.0,684.5909090909091
Romania,Lithuania,Exports,119444,85.0,1405.2235294117647
Romania,Malta,Imports,434636,199.0,2184.100502512563
Romania,Netherlands,Exports,32354,37.0,874.4324324324324
Romania,Netherlands,Imports,64427,48.0,1342.2291666666667
Romania,Poland,Exports,6282,156.0,40.26923076923077
Romania,Rep. of Korea,Imports,642261,2288.0,280.70847902097904
Romania,Spain,Exports,33127,19.0,1743.5263157894738
Romania,Switzerland,Imports,2474241,4884.0,506.60135135135135
Romania,United Kingdom,Exports,1316,1.0,1316.0
Romania,United Kingdom,Imports,5865471,4308.0,1361.5299442896935
Russian Federation,"Areas, nes",Exports,170850,267.0,639.8876404494382
Russian Federation,Armenia,Exports,88526,96.0,922.1458333333334
Russian Federation,Azerbaijan,Exports,92830,595.0,156.01680672268907
Russian Federation,Belarus,Exports,1127078,3077.0,366.291192720182
Russian Federation,Belgium,Imports,11283981,6973.0,1618.2390649648644
Russian Federation,Burkina Faso,Exports,1484294,3428.0,432.99124854142354
Russian Federation,Burundi,Exports,10816,26.0,416.0
Russian Federation,Cabo Verde,Exports,12465,30.0,415.5
Russian Federation,Cameroon,Exports,102335,237.0,431.7932489451477
Russian Federation,Canada,Imports,2576828,1392.0,1851.1695402298851
Russian Federation,Central African Rep.,Exports,56551,131.0,431.68702290076334
Russian Federation,Chad,Exports,582291,1345.0,432.9301115241636
Russian Federation,Congo,Exports,1307948,3021.0,432.95200264812974
Russian Federation,Côte d'Ivoire,Exports,982871,2162.0,454.6119333950046
Russian Federation,Dem.Rep. of the Congo,Exports,3213804,7422.0,433.01050929668554
Russian Federation,Egypt,Exports,31925,15.0,2128.3333333333335
Russian Federation,Equatorial Guinea,Exports,30555,73.0,418.56164383561645
Russian Federation,Eritrea,Exports,17272,7.0,2467.4285714285716
Russian Federation,Ethiopia,Exports,19400,45.0,431.1111111111111
Russian Federation,France,Imports,36639399,53037.0,690.8271395440919
Russian Federation,Gabon,Exports,104372,241.0,433.07883817427387
Russian Federation,Gambia,Exports,102820,238.0,432.01680672268907
Russian Federation,Georgia,Exports,285108,1147.0,248.56843940714907
Russian Federation,Germany,Imports,333,0.0,0.0
Russian Federation,Guatemala,Exports,25590,8.0,3198.75
Russian Federation,Guinea,Exports,225479,6.0,37579.833333333336
Russian Federation,India,Exports,27520,57.0,482.8070175438597
Russian Federation,Ireland,Imports,60087142,594.0,101156.80471380471
Russian Federation,Israel,Imports,591,1.0,591.0
Russian Federation,Italy,Imports,14189,156.0,90.9551282051282
Russian Federation,Kazakhstan,Exports,5448401,31905.0,170.76950321266258
Russian Federation,Kyrgyzstan,Exports,399704,2066.0,193.4675701839303
Russian Federation,Lao People's Dem. Rep.,Exports,485,2.0,242.5
Russian Federation,Lebanon,Exports,19894,34.0,585.1176470588235
Russian Federation,Liberia,Exports,32010,74.0,432.56756756756755
Russian Federation,Lithuania,Exports,20798,197.0,105.57360406091371
Russian Federation,Mali,Exports,485000,1128.0,429.9645390070922
Russian Federation,Mauritius,Exports,2820,5.0,564.0
Russian Federation,Mongolia,Exports,10995,38.0,289.3421052631579
Russian Federation,Netherlands,Imports,10666083,2031.0,5251.64106351551
Russian Federation,Nicaragua,Exports,594738,434.0,1370.3640552995391
Russian Federation,Niger,Exports,245895,568.0,432.9137323943662
Russian Federation,Nigeria,Exports,22329303,51567.0,433.0153586596079
Russian Federation,Pakistan,Exports,10622,25.0,424.88
Russian Federation,Poland,Imports,3526,1.0,3526.0
Russian Federation,Rep. of Korea,Exports,193200,104.0,1857.6923076923076
Russian Federation,Rep. of Korea,Imports,102325,417.0,245.38369304556355
Russian Federation,Rep. of Moldova,Exports,17727,47.0,377.17021276595744
Russian Federation,Rwanda,Exports,32980,75.0,439.73333333333335
Russian Federation,Sao Tome and Principe,Exports,6790,17.0,399.4117647058824
Russian Federation,Senegal,Exports,1248099,2883.0,432.91675338189384
Russian Federation,Seychelles,Exports,6815,9.0,757.2222222222222
Russian Federation,State of Palestine,Exports,776,2.0,388.0
Russian Federation,Sudan,Exports,7566000,17471.0,433.0605002575697
Russian Federation,Swaziland,Exports,10185,24.0,424.375
Russian Federation,Syria,Exports,2955,1.0,2955.0
Russian Federation,Tajikistan,Exports,21904,114.0,192.140350877193
Russian Federation,Togo,Exports,284113,656.0,433.0990853658537
Russian Federation,Turkey,Exports,1171949,749.0,1564.6849132176235
Russian Federation,Turkey,Imports,7916,7.0,1130.857142857143
Russian Federation,Turkmenistan,Exports,172692,2248.0,76.8202846975089
Russian Federation,Ukraine,Exports,24628,78.0,315.7435897435897
Russian Federation,United States of America,Imports,24607498,19004.0,1294.8588718164597
Russian Federation,Uzbekistan,Exports,91869,622.0,147.69935691318327
Rwanda,Belgium,Imports,1903729,7371.0,258.27282593949263
Rwanda,France,Imports,208191,747.0,278.7028112449799
Rwanda,India,Imports,4813763,18318.0,262.7886778032536
Rwanda,Indonesia,Imports,47933,926.0,51.76349892008639
Rwanda,Kenya,Imports,26349,177.0,148.864406779661
Rwanda,Russian Federation,Imports,14055,58.0,242.32758620689654
Rwanda,United States of America,Imports,1365154,4576.0,298.3291083916084
Saint Kitts and Nevis,Barbados,Imports,1249,9.0,138.77777777777777
Saint Kitts and Nevis,France,Imports,1344,20.0,67.2
Saint Kitts and Nevis,India,Imports,6544,41.0,159.609756097561
Saint Kitts and Nevis,United States of America,Imports,281,15.0,18.733333333333334
Samoa,Australia,Imports,911,0.0,0.0
Samoa,China,Imports,1204,0.0,0.0
Samoa,Fiji,Exports,140,0.0,0.0
Samoa,Fiji,Imports,11603,0.0,0.0
Samoa,India,Imports,29194,0.0,0.0
Samoa,New Zealand,Imports,1119,0.0,0.0
Samoa,Tokelau,Exports,527,0.0,0.0
Samoa,United States of America,Imports,2105,0.0,0.0
Sao Tome and Principe,Denmark,Imports,101123,540.0,187.26481481481483
Sao Tome and Principe,Portugal,Imports,15348,25.0,613.92
Senegal,Benin,Exports,353762,714.0,495.46498599439775
Senegal,Bulgaria,Imports,20806,45.0,462.35555555555555
Senegal,Burkina Faso,Exports,1376,1.0,1376.0
Senegal,Cameroon,Exports,16898,40.0,422.45
Senegal,Central African Rep.,Exports,41123,132.0,311.5378787878788
Senegal,Chad,Exports,4765,190.0,25.07894736842105
Senegal,Dem.Rep. of the Congo,Exports,74938,213.0,351.82159624413146
Senegal,France,Imports,2220414,21529.0,103.13595615216684
Senegal,Germany,Exports,12,20.0,0.6
Senegal,India,Imports,215258,760.0,283.2342105263158
Senegal,Italy,Imports,72394,211.0,343.09952606635073
Senegal,Kenya,Exports,48745,142.0,343.27464788732397
Senegal,Liberia,Exports,196408,370.0,530.8324324324325
Senegal,Mali,Exports,211031,594.0,355.27104377104376
Senegal,Mauritius,Exports,3060,35.0,87.42857142857143
Senegal,Niger,Exports,281518,782.0,359.99744245524295
Senegal,Sierra Leone,Exports,347667,1010.0,344.2247524752475
Senegal,Sudan,Exports,1052892,3030.0,347.4891089108911
Senegal,Uganda,Exports,15427,36.0,428.52777777777777
Senegal,United States of America,Exports,20,0.0,0.0
Senegal,United States of America,Imports,8341,112.0,74.47321428571429
Serbia,Belgium,Imports,2840686,2409.0,1179.1971772519719
Serbia,Bosnia Herzegovina,Exports,233829,351.0,666.1794871794872
Serbia,Cuba,Imports,15149,57.0,265.7719298245614
Serbia,France,Imports,6380982,12940.0,493.1207109737249
Serbia,Hungary,Imports,4932,3.0,1644.0
Serbia,India,Imports,15400,11.0,1400.0
Serbia,Ireland,Imports,592169,279.0,2122.4695340501794
Serbia,Montenegro,Exports,84958,210.0,404.56190476190477
Serbia,Netherlands,Imports,690,5.0,138.0
Serbia,Rep. of Korea,Imports,622935,2016.0,308.9955357142857
Serbia,Slovenia,Imports,1986,3.0,662.0
Serbia,TFYR of Macedonia,Exports,323,1.0,323.0
Serbia,United Kingdom,Imports,199514,91.0,2192.4615384615386
Serbia,United States of America,Imports,199318,122.0,1633.7540983606557
Seychelles,Germany,Imports,803,10.0,80.3
Seychelles,India,Imports,34665,317.0,109.35331230283911
Seychelles,Russian Federation,Imports,9150,38.0,240.78947368421052
Seychelles,United Arab Emirates,Imports,135,0.0,0.0
Seychelles,United States of America,Imports,1991,3.0,663.6666666666666
Singapore,Australia,Exports,1225,0.0,0.0
Singapore,Australia,Imports,270463,0.0,0.0
Singapore,Austria,Imports,17303,0.0,0.0
Singapore,Belgium,Exports,135945912,0.0,0.0
Singapore,Belgium,Imports,13277807,0.0,0.0
Singapore,Belize,Exports,4095,0.0,0.0
Singapore,Brunei Darussalam,Exports,148127,0.0,0.0
Singapore,Bulgaria,Imports,53613,0.0,0.0
Singapore,Cambodia,Exports,299873,0.0,0.0
Singapore,Canada,Exports,8581,0.0,0.0
Singapore,Canada,Imports,130098,0.0,0.0
Singapore,Cayman Isds,Exports,68014,0.0,0.0
Singapore,China,Exports,4648,0.0,0.0
Singapore,China,Imports,8527,0.0,0.0
Singapore,"China, Hong Kong SAR",Exports,57224,0.0,0.0
Singapore,Czech Rep.,Imports,3101,0.0,0.0
Singapore,Equatorial Guinea,Exports,10790,0.0,0.0
Singapore,Finland,Imports,368,0.0,0.0
Singapore,France,Exports,101,0.0,0.0
Singapore,France,Imports,3993861,0.0,0.0
Singapore,Germany,Exports,115,0.0,0.0
Singapore,Germany,Imports,1483301,0.0,0.0
Singapore,Greece,Imports,15474,0.0,0.0
Singapore,Guatemala,Exports,228129,0.0,0.0
Singapore,India,Exports,7448,0.0,0.0
Singapore,India,Imports,190521,0.0,0.0
Singapore,Indonesia,Exports,114269,0.0,0.0
Singapore,Indonesia,Imports,292737,0.0,0.0
Singapore,Ireland,Imports,5358432,0.0,0.0
Singapore,Italy,Imports,5733170,0.0,0.0
Singapore,Japan,Exports,120795,0.0,0.0
Singapore,Japan,Imports,254875,0.0,0.0
Singapore,Lithuania,Imports,299979,0.0,0.0
Singapore,Malaysia,Exports,26791,0.0,0.0
Singapore,Malaysia,Imports,2171,0.0,0.0
Singapore,Mongolia,Exports,12327,0.0,0.0
Singapore,Myanmar,Exports,2424,0.0,0.0
Singapore,Namibia,Exports,7576,0.0,0.0
Singapore,Netherlands,Exports,5,0.0,0.0
Singapore,Netherlands,Imports,884462,0.0,0.0
Singapore,New Zealand,Exports,140529,0.0,0.0
Singapore,New Zealand,Imports,275,0.0,0.0
Singapore,"Other Asia, nes",Exports,17942,0.0,0.0
Singapore,Pakistan,Exports,801078,0.0,0.0
Singapore,Papua New Guinea,Exports,35036,0.0,0.0
Singapore,Peru,Imports,19696,0.0,0.0
Singapore,Philippines,Exports,184166,0.0,0.0
Singapore,Philippines,Imports,1287,0.0,0.0
Singapore,Rep. of Korea,Exports,111782,0.0,0.0
Singapore,Rep. of Korea,Imports,60169,0.0,0.0
Singapore,Romania,Imports,4706,0.0,0.0
Singapore,Saudi Arabia,Exports,42085,0.0,0.0
Singapore,Seychelles,Exports,946,0.0,0.0
Singapore,Spain,Exports,10,0.0,0.0
Singapore,Spain,Imports,16304,0.0,0.0
Singapore,Sweden,Exports,11,0.0,0.0
Singapore,Sweden,Imports,63,0.0,0.0
Singapore,Switzerland,Imports,13993,0.0,0.0
Singapore,Thailand,Exports,252629,0.0,0.0
Singapore,Thailand,Imports,4644,0.0,0.0
Singapore,Trinidad and Tobago,Exports,23971,0.0,0.0
Singapore,Turkey,Imports,5665,0.0,0.0
Singapore,United Arab Emirates,Exports,160641,0.0,0.0
Singapore,United Kingdom,Exports,314375,0.0,0.0
Singapore,United Kingdom,Imports,1540273,0.0,0.0
Singapore,United States of America,Exports,98359,0.0,0.0
Singapore,United States of America,Imports,10524443,0.0,0.0
Singapore,Viet Nam,Imports,15396,0.0,0.0
Slovakia,Austria,Exports,174890,930.0,188.05376344086022
Slovakia,Austria,Imports,371354,422.0,879.9857819905213
Slovakia,Belgium,Imports,7579439,10031.0,755.6015352407537
Slovakia,Bulgaria,Imports,244834,142.0,1724.1830985915492
Slovakia,Croatia,Exports,32585,61.0,534.1803278688525
Slovakia,Czech Rep.,Exports,4201672,2894.0,1451.8562543192813
Slovakia,Czech Rep.,Imports,484283,2258.0,214.47431355181575
Slovakia,Denmark,Exports,300502,68.0,4419.14705882353
Slovakia,Denmark,Imports,968820,917.0,1056.5103598691385
Slovakia,France,Imports,3094430,2719.0,1138.076498712762
Slovakia,Germany,Exports,872395,658.0,1325.8282674772036
Slovakia,Germany,Imports,414255,3364.0,123.1435790725327
Slovakia,Hungary,Exports,170016,122.0,1393.5737704918033
Slovakia,Ireland,Exports,410966,91.0,4516.10989010989
Slovakia,Ireland,Imports,28961,11.0,2632.818181818182
Slovakia,Italy,Imports,5435,1.0,5435.0
Slovakia,Lithuania,Exports,7680,8.0,960.0
Slovakia,Malta,Exports,254629,51.0,4992.725490196079
Slovakia,Netherlands,Imports,5321908,8970.0,593.3007803790413
Slovakia,"Other Europe, nes",Imports,3284,1.0,3284.0
Slovakia,Poland,Imports,11702717,7526.0,1554.9716981132076
Slovakia,Qatar,Exports,3119,2.0,1559.5
Slovakia,Romania,Exports,396175,221.0,1792.6470588235295
Slovakia,Slovenia,Imports,3010,33.0,91.21212121212122
Slovakia,Switzerland,Imports,2052098,7440.0,275.819623655914
Slovakia,Ukraine,Exports,7007,6.0,1167.8333333333333
Slovakia,United Kingdom,Exports,767200,355.0,2161.1267605633802
Slovakia,United Kingdom,Imports,1795512,3581.0,501.39960904775205
Slovakia,United States of America,Imports,4198821,1532.0,2740.744778067885
Slovenia,Austria,Exports,53058,22.0,2411.7272727272725
Slovenia,Austria,Imports,2070984,2585.0,801.1543520309477
Slovenia,Belgium,Imports,2165372,2135.0,1014.2257611241217
Slovenia,Croatia,Exports,2396,3.0,798.6666666666666
Slovenia,France,Imports,2133621,4005.0,532.7393258426966
Slovenia,Germany,Imports,786521,607.0,1295.7512355848435
Slovenia,Hungary,Imports,105686,186.0,568.2043010752689
Slovenia,Italy,Imports,121253,52.0,2331.7884615384614
Slovenia,Netherlands,Imports,1985744,784.0,2532.8367346938776
Slovenia,Poland,Imports,11578,15.0,771.8666666666667
Slovenia,United Kingdom,Imports,202,0.0,0.0
Slovenia,United States of America,Imports,390081,360.0,1083.5583333333334
South Africa,Angola,Exports,73051,218.0,335.0963302752294
South Africa,Australia,Imports,264820,2285.0,115.89496717724289
South Africa,Belgium,Exports,119182,77.0,1547.8181818181818
South Africa,Belgium,Imports,20913796,68627.0,304.74588718725863
South Africa,Benin,Exports,427,4.0,106.75
South Africa,Botswana,Exports,34648,354.0,97.87570621468926
South Africa,Brazil,Imports,133304,350.0,380.86857142857144
South Africa,Bunkers,Exports,2713,33.0,82.21212121212122
South Africa,Burundi,Exports,2313,3.0,771.0
South Africa,Cameroon,Exports,12396,39.0,317.84615384615387
South Africa,Canada,Exports,5176,3.0,1725.3333333333333
South Africa,Canada,Imports,391317,1228.0,318.66205211726384
South Africa,Cuba,Imports,362426,1705.0,212.566568914956
South Africa,Dem.Rep. of the Congo,Exports,358478,37666.0,9.517283491743216
South Africa,Denmark,Imports,1055878,6845.0,154.2553688823959
South Africa,Ethiopia,Exports,12493,35.0,356.9428571428571
South Africa,France,Imports,57757662,93830.0,615.5564531599701
South Africa,Gambia,Exports,14370,47.0,305.74468085106383
South Africa,Germany,Exports,36581,18.0,2032.2777777777778
South Africa,Germany,Imports,40383,402.0,100.45522388059702
South Africa,Ghana,Exports,9131,35.0,260.8857142857143
South Africa,Ghana,Imports,40,41.0,0.975609756097561
South Africa,Guinea,Exports,5158,19.0,271.4736842105263
South Africa,India,Imports,434488,12285.0,35.367358567358565
South Africa,Indonesia,Imports,6242,23.0,271.39130434782606
South Africa,Ireland,Exports,12619,119.0,106.04201680672269
South Africa,Ireland,Imports,43767120,37260.0,1174.6409017713365
South Africa,Israel,Exports,1977,6.0,329.5
South Africa,Israel,Imports,19007,1424.0,13.347612359550562
South Africa,Japan,Imports,199,20.0,9.95
South Africa,Kenya,Exports,628189,14479.0,43.38621451757718
South Africa,Lesotho,Exports,85024,2214.0,38.402890695573625
South Africa,Liberia,Exports,17736,53.0,334.64150943396226
South Africa,Madagascar,Exports,3709,42.0,88.30952380952381
South Africa,Malawi,Exports,39263,96.0,408.9895833333333
South Africa,Mauritius,Exports,211664,3167.0,66.83422797600252
South Africa,Morocco,Imports,12,18.0,0.6666666666666666
South Africa,Mozambique,Exports,342608,3625.0,94.51255172413794
South Africa,Namibia,Exports,552387,1147.0,481.59285091543154
South Africa,Netherlands,Exports,16798,70.0,239.97142857142856
South Africa,Netherlands,Imports,2694251,934.0,2884.6370449678802
South Africa,Nigeria,Exports,22147,426.0,51.98826291079812
South Africa,Rep. of Korea,Imports,413653,4221.0,97.99881544657664
South Africa,Russian Federation,Imports,40,10.0,4.0
South Africa,Saudi Arabia,Exports,38402,150.0,256.0133333333333
South Africa,Senegal,Exports,9576,39.0,245.53846153846155
South Africa,Seychelles,Exports,415,9.0,46.111111111111114
South Africa,Sierra Leone,Exports,12982,60.0,216.36666666666667
South Africa,Spain,Imports,503,243.0,2.0699588477366255
South Africa,Special Categories,Exports,8319,80.0,103.9875
South Africa,Special Categories,Imports,250,1.0,250.0
South Africa,Swaziland,Exports,63455,780.0,81.3525641025641
South Africa,Sweden,Exports,31034,5.0,6206.8
South Africa,Switzerland,Imports,97227,1001.0,97.12987012987013
South Africa,TFYR of Macedonia,Exports,185949,1206.0,154.1865671641791
South Africa,Uganda,Exports,7265,146.0,49.76027397260274
South Africa,United Arab Emirates,Exports,1602,32.0,50.0625
South Africa,United Arab Emirates,Imports,208372,1688.0,123.44312796208531
South Africa,United Kingdom,Exports,84957,9058.0,9.379222786487084
South Africa,United Kingdom,Imports,33150,616.0,53.814935064935064
South Africa,United Rep. of Tanzania,Exports,27792,454.0,61.215859030837
South Africa,United States of America,Exports,7704,82.0,93.95121951219512
South Africa,United States of America,Imports,5174959,21587.0,239.72571455042387
South Africa,Zambia,Exports,246623,1745.0,141.33123209169054
South Africa,Zimbabwe,Exports,212211,1616.0,131.31868811881188
Spain,Albania,Exports,20641,44.0,469.1136363636364
Spain,Andorra,Exports,517750,1081.0,478.95467160037003
Spain,Australia,Exports,44195,31.0,1425.6451612903227
Spain,Austria,Exports,5943991,9122.0,651.6105020828766
Spain,Austria,Imports,23944379,4786.0,5003.004387797743
Spain,Belgium,Exports,675721,22096.0,30.581145908761766
Spain,Belgium,Imports,92248812,297342.0,310.2448090078092
Spain,Brazil,Imports,10977,9.0,1219.6666666666667
Spain,Bulgaria,Exports,16524,180.0,91.8
Spain,Bulgaria,Imports,70935,159.0,446.1320754716981
Spain,Bunkers,Exports,1235,18.0,68.61111111111111
Spain,Canada,Exports,61747,175.0,352.84
Spain,Canada,Imports,59366,4575.0,12.976174863387978
Spain,Chile,Exports,13860,22.0,630.0
Spain,China,Exports,6915646,741.0,9332.855600539811
Spain,China,Imports,370,1.0,370.0
Spain,"China, Hong Kong SAR",Exports,94643,150.0,630.9533333333334
Spain,Colombia,Exports,235828,860.0,274.21860465116276
Spain,Croatia,Exports,82,1.0,82.0
Spain,Cyprus,Exports,4039,8.0,504.875
Spain,Cyprus,Imports,290757,667.0,435.91754122938534
Spain,Czech Rep.,Imports,181776,389.0,467.2904884318766
Spain,Denmark,Exports,16415739,5367.0,3058.6433761878143
Spain,Denmark,Imports,6989,32.0,218.40625
Spain,Finland,Imports,2812,6.0,468.6666666666667
Spain,France,Exports,4796447,22521.0,212.97664402113583
Spain,France,Imports,20842597,93156.0,223.73864270685732
Spain,Germany,Exports,93017596,193698.0,480.21970283637415
Spain,Germany,Imports,4288558,17351.0,247.1648896317215
Spain,Greece,Exports,2051006,4234.0,484.4133207368918
Spain,Greece,Imports,145777,79.0,1845.2784810126582
Spain,Hungary,Exports,88270,130.0,679.0
Spain,Ireland,Exports,42502,143.0,297.2167832167832
Spain,Ireland,Imports,801425,657.0,1219.8249619482497
Spain,Israel,Exports,39065,94.0,415.5851063829787
Spain,Italy,Exports,11081865,57531.0,192.62423736768002
Spain,Italy,Imports,92775494,2547803.0,36.41391975753228
Spain,Lithuania,Exports,170824,160.0,1067.65
Spain,Malta,Imports,58671,154.0,380.9805194805195
Spain,Mexico,Exports,19076940,20779.0,918.0874921796044
Spain,Netherlands,Exports,8354546,3546.0,2356.0479413423577
Spain,Netherlands,Imports,99032981,98171.0,1008.7804035815058
Spain,Poland,Exports,417377,157.0,2658.452229299363
Spain,Portugal,Exports,33107788,344333.0,96.15049385333384
Spain,Portugal,Imports,377062,67752.0,5.5653264848270165
Spain,Romania,Exports,6240,11.0,567.2727272727273
Spain,Romania,Imports,328,7.0,46.857142857142854
Spain,Slovakia,Exports,976932,1086.0,899.5690607734807
Spain,Slovenia,Exports,254,2.0,127.0
Spain,Slovenia,Imports,1104,7.0,157.71428571428572
Spain,South Africa,Exports,507,14.0,36.214285714285715
Spain,Sweden,Imports,1083070,3307.0,327.50831569398247
Spain,Switzerland,Exports,1760226,1008.0,1746.2559523809523
Spain,Switzerland,Imports,958211,1086.0,882.3305709023941
Spain,Turkey,Exports,2164114,1667.0,1298.2087582483503
Spain,United Kingdom,Exports,22169959,72917.0,304.043762085659
Spain,United Kingdom,Imports,94927575,208928.0,454.35544780977176
Spain,United States of America,Exports,180,10.0,18.0
Spain,United States of America,Imports,7894609,4687.0,1684.3629187113293
State of Palestine,Belgium,Imports,1717551,0.0,0.0
State of Palestine,Bulgaria,Imports,17191,0.0,0.0
State of Palestine,Canada,Imports,21295,0.0,0.0
State of Palestine,France,Imports,111253,0.0,0.0
State of Palestine,Germany,Imports,31484,0.0,0.0
State of Palestine,India,Imports,134463,0.0,0.0
State of Palestine,Israel,Imports,49686,0.0,0.0
State of Palestine,Netherlands,Imports,506070,0.0,0.0
State of Palestine,Russian Federation,Imports,801,0.0,0.0
Sweden,Argentina,Exports,3885,10.0,388.5
Sweden,Australia,Exports,2011235,3000.0,670.4116666666666
Sweden,Australia,Imports,1256,4.0,314.0
Sweden,Austria,Exports,310934,1027.0,302.75949367088606
Sweden,Austria,Imports,22809916,21377.0,1067.0307339664125
Sweden,Bangladesh,Exports,326302,183.0,1783.0710382513662
Sweden,Belgium,Exports,101353,153.0,662.437908496732
Sweden,Belgium,Imports,565315,1168.0,484.0025684931507
Sweden,Canada,Exports,7414028,12000.0,617.8356666666666
Sweden,Canada,Imports,1581,2.0,790.5
Sweden,China,Exports,442,0.0,0.0
Sweden,Czech Rep.,Imports,497,1.0,497.0
Sweden,Denmark,Exports,2634112,2225.0,1183.8705617977528
Sweden,Denmark,Imports,2239100,4549.0,492.2180699054737
Sweden,Estonia,Exports,105343,236.0,446.3686440677966
Sweden,Finland,Exports,120502,49.0,2459.2244897959185
Sweden,Finland,Imports,18818,45.0,418.1777777777778
Sweden,France,Imports,6432524,20193.0,318.55217154459467
Sweden,Germany,Exports,550719,1000.0,550.719
Sweden,Germany,Imports,266638,214.0,1245.9719626168223
Sweden,Guinea-Bissau,Exports,9232,21.0,439.6190476190476
Sweden,Iceland,Exports,99589,0.0,0.0
Sweden,India,Imports,60277,111.0,543.0360360360361
Sweden,Iran,Exports,447,0.0,0.0
Sweden,Ireland,Exports,142880,0.0,0.0
Sweden,Ireland,Imports,152785,196.0,779.515306122449
Sweden,Italy,Exports,146665,0.0,0.0
Sweden,Italy,Imports,203060,484.0,419.54545454545456
Sweden,Japan,Imports,83985,164.0,512.1036585365854
Sweden,Lithuania,Exports,122388,207.0,591.2463768115942
Sweden,Luxembourg,Imports,331,0.0,0.0
Sweden,Mali,Exports,21017,0.0,0.0
Sweden,Netherlands,Exports,925813,1568.0,590.4419642857143
Sweden,Netherlands,Imports,8592332,15409.0,557.6177558569667
Sweden,New Zealand,Exports,143432,0.0,0.0
Sweden,Norway,Exports,2651874,3081.0,860.7185978578384
Sweden,Norway,Imports,782,2.0,391.0
Sweden,Poland,Exports,744945,0.0,0.0
Sweden,Poland,Imports,34548634,76000.0,454.5872894736842
Sweden,Rep. of Korea,Exports,203117,1000.0,203.117
Sweden,Rep. of Korea,Imports,111,0.0,0.0
Sweden,Saudi Arabia,Exports,3764,9.0,418.22222222222223
Sweden,Spain,Exports,640096,473.0,1353.2684989429176
Sweden,Switzerland,Exports,66753,132.0,505.70454545454544
Sweden,Switzerland,Imports,20486,26.0,787.9230769230769
Sweden,Tunisia,Exports,3106,6.0,517.6666666666666
Sweden,Uganda,Exports,14689,24.0,612.0416666666666
Sweden,United Kingdom,Exports,2156917,1673.0,1289.2510460251046
Sweden,United Kingdom,Imports,5985897,10285.0,582.0026251823043
Sweden,United States of America,Exports,28469,0.0,0.0
Sweden,United States of America,Imports,35254,70.0,503.62857142857143
Switzerland,Argentina,Exports,1157197,1573.0,735.6624284806103
Switzerland,Australia,Exports,202901,130.0,1560.7769230769231
Switzerland,Australia,Imports,15168,2.0,7584.0
Switzerland,Austria,Exports,714815,2488.0,287.30506430868166
Switzerland,Austria,Imports,4698732,3447.0,1363.136640557006
Switzerland,Bahrain,Exports,15642,27.0,579.3333333333334
Switzerland,Belgium,Exports,2550320,7213.0,353.5727159295716
Switzerland,Belgium,Imports,50124736,57723.0,868.3667862030733
Switzerland,Bolivia,Exports,85877,169.0,508.14792899408286
Switzerland,Brazil,Exports,5949217,15864.0,375.0136787695411
Switzerland,Bulgaria,Exports,340161,935.0,363.8085561497326
Switzerland,Canada,Exports,1162247,631.0,1841.9128367670364
Switzerland,Chile,Exports,542127,316.0,1715.5917721518988
Switzerland,China,Exports,2908658,13117.0,221.74719829229244
Switzerland,"China, Hong Kong SAR",Imports,1261,1.0,1261.0
Switzerland,Colombia,Exports,644848,1042.0,618.8560460652591
Switzerland,Costa Rica,Exports,674259,682.0,988.649560117302
Switzerland,Curaçao,Exports,24453,41.0,596.4146341463414
Switzerland,Cyprus,Exports,4419,8.0,552.375
Switzerland,Czech Rep.,Exports,1621525,2583.0,627.7680991095625
Switzerland,Denmark,Imports,17234,521.0,33.07869481765835
Switzerland,Dominican Rep.,Exports,271569,370.0,733.9702702702702
Switzerland,Ecuador,Exports,819944,1566.0,523.5913154533844
Switzerland,Egypt,Exports,366446,1813.0,202.12134583563156
Switzerland,El Salvador,Exports,618697,902.0,685.9168514412416
Switzerland,France,Exports,60782,16.0,3798.875
Switzerland,France,Imports,3375162,7265.0,464.57838953888506
Switzerland,Germany,Exports,3063832,3238.0,946.2112415071032
Switzerland,Germany,Imports,5714230,6581.0,868.2920528795016
Switzerland,Guatemala,Exports,598562,709.0,844.2341325811001
Switzerland,Holy See (Vatican City State),Exports,57644,95.0,606.7789473684211
Switzerland,Honduras,Exports,498802,729.0,684.2277091906722
Switzerland,Hungary,Exports,55598,140.0,397.12857142857143
Switzerland,India,Imports,53449,94.0,568.6063829787234
Switzerland,Iran,Imports,304,1.0,304.0
Switzerland,Ireland,Imports,10357948,3168.0,3269.554292929293
Switzerland,Israel,Exports,2060,1.0,2060.0
Switzerland,Italy,Exports,6103372,18276.0,333.9555701466404
Switzerland,Italy,Imports,421984,449.0,939.8307349665924
Switzerland,Japan,Exports,19307,74.0,260.9054054054054
Switzerland,Japan,Imports,41074,23.0,1785.8260869565217
Switzerland,Jordan,Exports,20,3.0,6.666666666666667
Switzerland,Lebanon,Exports,330262,562.0,587.6548042704626
Switzerland,Malaysia,Exports,174139,191.0,911.7225130890052
Switzerland,Mexico,Exports,2920999,7230.0,404.01092669432916
Switzerland,Netherlands,Exports,705467,2304.0,306.19227430555554
Switzerland,Netherlands,Imports,183758,127.0,1446.9133858267717
Switzerland,New Zealand,Exports,5453,9.0,605.8888888888889
Switzerland,Nicaragua,Exports,321013,523.0,613.791586998088
Switzerland,Oman,Exports,52917,76.0,696.2763157894736
Switzerland,Panama,Exports,556571,643.0,865.5847589424573
Switzerland,Paraguay,Exports,110468,209.0,528.555023923445
Switzerland,Peru,Exports,443526,494.0,897.8259109311741
Switzerland,Poland,Exports,2083469,5863.0,355.3588606515436
Switzerland,Poland,Imports,3798,3.0,1266.0
Switzerland,Portugal,Exports,8428452,11968.0,704.2489973262032
Switzerland,Portugal,Imports,505792,17699.0,28.577433753319397
Switzerland,Qatar,Exports,1209,2.0,604.5
Switzerland,Romania,Exports,2503515,4884.0,512.5952088452088
Switzerland,San Marino,Exports,2930,5.0,586.0
Switzerland,Saudi Arabia,Imports,12626,1.0,12626.0
Switzerland,Singapore,Exports,15113,16.0,944.5625
Switzerland,Slovakia,Exports,1912842,3146.0,608.0235219326129
Switzerland,Slovenia,Exports,14147828,11359.0,1245.5170349502598
Switzerland,Spain,Imports,1623960,1006.0,1614.2743538767395
Switzerland,Sweden,Imports,313757,247.0,1270.2712550607287
Switzerland,Turkey,Exports,168034,1110.0,151.381981981982
Switzerland,Ukraine,Exports,356350,1521.0,234.28665351742274
Switzerland,United Arab Emirates,Exports,236774,450.0,526.1644444444445
Switzerland,United Arab Emirates,Imports,81,0.0,0.0
Switzerland,United Kingdom,Exports,225147,665.0,338.5669172932331
Switzerland,United Kingdom,Imports,4260747,735.0,5796.934693877551
Switzerland,United States of America,Exports,12874236,4281.0,3007.2964260686754
Switzerland,United States of America,Imports,12534089,8451.0,1483.1486214649153
Switzerland,Uruguay,Exports,310230,926.0,335.02159827213825
Switzerland,Viet Nam,Exports,835184,4464.0,187.09318996415772
Switzerland,Yemen,Exports,28050,78.0,359.61538461538464
TFYR of Macedonia,Belgium,Imports,240609,1120.0,214.8294642857143
TFYR of Macedonia,Bulgaria,Imports,39117,172.0,227.42441860465115
TFYR of Macedonia,France,Imports,1989576,1835.0,1084.2376021798366
TFYR of Macedonia,Italy,Imports,969,1.0,969.0
TFYR of Macedonia,Netherlands,Imports,76550,4.0,19137.5
TFYR of Macedonia,Serbia,Imports,330,5.0,66.0
TFYR of Macedonia,Turkey,Imports,118,41.0,2.8780487804878048
Thailand,Australia,Exports,118060,1070.0,110.33644859813084
Thailand,Bangladesh,Exports,12503,91.0,137.3956043956044
Thailand,Belgium,Exports,36,10.0,3.6
Thailand,Belgium,Imports,23270824,34150.0,681.4296925329429
Thailand,Cambodia,Exports,357063,804.0,444.10820895522386
Thailand,Canada,Imports,353922,457.0,774.4463894967178
Thailand,China,Imports,19434278,5779.0,3362.9136528811214
Thailand,"China, Hong Kong SAR",Exports,127437,884.0,144.15950226244343
Thailand,Cuba,Imports,250072,3790.0,65.98205804749341
Thailand,Denmark,Exports,284505,264.0,1077.6704545454545
Thailand,Denmark,Imports,346217,1605.0,215.71152647975077
Thailand,France,Exports,162123,174.0,931.7413793103449
Thailand,France,Imports,19370081,38921.0,497.67685825132963
Thailand,Germany,Exports,4100,5.0,820.0
Thailand,Germany,Imports,2792911,13151.0,212.37251920006082
Thailand,India,Exports,3660,1.0,3660.0
Thailand,India,Imports,6731666,40991.0,164.22302456636822
Thailand,Indonesia,Exports,655686,4805.0,136.45910509885536
Thailand,Indonesia,Imports,1106426,5487.0,201.6449790413705
Thailand,Ireland,Imports,11285057,14087.0,801.0972527862568
Thailand,Israel,Exports,30,6.0,5.0
Thailand,Italy,Imports,416180,2318.0,179.54270923209663
Thailand,Japan,Imports,2912,22.0,132.36363636363637
Thailand,Lao People's Dem. Rep.,Exports,389806,122.0,3195.1311475409834
Thailand,Malaysia,Exports,1084973,6728.0,161.2623365041617
Thailand,Myanmar,Exports,774596,7699.0,100.60994934407066
Thailand,Netherlands,Exports,10,0.0,0.0
Thailand,Netherlands,Imports,6244980,1688.0,3699.632701421801
Thailand,Nigeria,Exports,14787,1.0,14787.0
Thailand,"Other Asia, nes",Exports,3998091,26839.0,148.96572152464697
Thailand,"Other Asia, nes",Imports,253,2.0,126.5
Thailand,Philippines,Exports,325728,2187.0,148.93827160493828
Thailand,Poland,Imports,287952,129.0,2232.186046511628
Thailand,Rep. of Korea,Exports,625627,4493.0,139.24482528377476
Thailand,Rep. of Korea,Imports,1852257,4394.0,421.5423304506145
Thailand,Singapore,Exports,13337,279.0,47.80286738351254
Thailand,Singapore,Imports,44535,10705.0,4.160205511443251
Thailand,Sweden,Imports,58190,195.0,298.4102564102564
Thailand,Thailand,Imports,498,2.0,249.0
Thailand,United Kingdom,Imports,23696,71.0,333.7464788732394
Thailand,United States of America,Exports,110,8.0,13.75
Thailand,United States of America,Imports,24022016,50512.0,475.5704783021856
Turkey,Azerbaijan,Exports,242,2.0,121.0
Turkey,Belgium,Imports,38769984,134237.0,288.81741993638116
Turkey,Bulgaria,Imports,4189203,9296.0,450.6457616179002
Turkey,Canada,Imports,14003,25.0,560.12
Turkey,Cuba,Exports,602340,1164.0,517.4742268041238
Turkey,Cyprus,Exports,146171,500.0,292.342
Turkey,France,Exports,9919,315.0,31.488888888888887
Turkey,France,Imports,47017290,81452.0,577.2392329224574
Turkey,Free Zones,Exports,114,6.0,19.0
Turkey,India,Exports,282864,1480.0,191.12432432432433
Turkey,India,Imports,4361785,40447.0,107.83951838208026
Turkey,Indonesia,Imports,631103,3815.0,165.4267365661861
Turkey,Ireland,Imports,23801548,195.0,122059.22051282051
Turkey,Italy,Imports,3713310,2950.0,1258.749152542373
Turkey,Japan,Exports,8587,14.0,613.3571428571429
Turkey,Nicaragua,Exports,384877,723.0,532.3333333333334
Turkey,Rep. of Korea,Imports,26882618,98250.0,273.61443256997455
Turkey,Russian Federation,Exports,15809,167.0,94.66467065868264
Turkey,Russian Federation,Imports,1164514,749.0,1554.758344459279
Turkey,Somalia,Exports,35677,228.0,156.4780701754386
Turkey,Switzerland,Imports,815,7.0,116.42857142857143
Turkey,Syria,Exports,2236,13.0,172.0
Turkey,Turkmenistan,Exports,260754,998.0,261.2765531062124
Turkey,United States of America,Imports,24163271,13924.0,1735.3685004309107
Uganda,Belgium,Imports,2005903,8919.0,224.90223119183764
Uganda,Brazil,Imports,2033,180.0,11.294444444444444
Uganda,Canada,Imports,262214,4796.0,54.67347789824854
Uganda,Denmark,Imports,17622649,37855.0,465.53028661999736
Uganda,France,Imports,1575165,6284.0,250.6627943984723
Uganda,India,Imports,4760219,48706.0,97.73372890403647
Uganda,Kenya,Imports,370282,2645.0,139.99319470699433
Uganda,Netherlands,Imports,548,32.0,17.125
Uganda,Rep. of Korea,Imports,1642133,9957.0,164.92246660640754
Uganda,Singapore,Imports,2011589,10312.0,195.07263382467028
Uganda,South Africa,Imports,229,22.0,10.409090909090908
Uganda,South Sudan,Exports,811688,214982.0,3.775609120763599
Uganda,Spain,Imports,23851,1048.0,22.758587786259543
Uganda,United States of America,Imports,1642400,5419.0,303.08174940025833
Ukraine,Belgium,Imports,16711980,21192.0,788.5985277463194
Ukraine,Bulgaria,Imports,221198,1179.0,187.61492790500424
Ukraine,Canada,Imports,827,35.0,23.62857142857143
Ukraine,France,Imports,11795993,15800.0,746.581835443038
Ukraine,Germany,Imports,24679,119.0,207.38655462184875
Ukraine,India,Imports,5637437,39930.0,141.18299524167293
Ukraine,Ireland,Imports,494576,232.0,2131.793103448276
Ukraine,Italy,Imports,358680,582.0,616.2886597938144
Ukraine,Rep. of Korea,Imports,2237561,22231.0,100.6504880572174
Ukraine,United States of America,Imports,2585612,6724.0,384.5348007138608
United Arab Emirates,Afghanistan,Exports,10033902,9814.0,1022.406969635215
United Arab Emirates,Algeria,Exports,13072,64.0,204.25
United Arab Emirates,Azerbaijan,Exports,94090,10674.0,8.814877271875586
United Arab Emirates,Azerbaijan,Imports,65644,8140.0,8.064373464373464
United Arab Emirates,Belgium,Exports,100,6.0,16.666666666666668
United Arab Emirates,Belgium,Imports,25581179,122249.0,209.2547096499767
United Arab Emirates,Canada,Exports,218,26.0,8.384615384615385
United Arab Emirates,Canada,Imports,1101709,3606.0,305.5210759844703
United Arab Emirates,Central African Rep.,Exports,288,2.0,144.0
United Arab Emirates,China,Imports,5173,366.0,14.133879781420765
United Arab Emirates,"China, Hong Kong SAR",Imports,4743,459.0,10.333333333333334
United Arab Emirates,Czech Rep.,Imports,1361,43.0,31.651162790697676
United Arab Emirates,Denmark,Imports,747592,78.0,9584.51282051282
United Arab Emirates,Djibouti,Exports,7928,112.0,70.78571428571429
United Arab Emirates,Ecuador,Exports,487651,3470.0,140.53342939481269
United Arab Emirates,Egypt,Imports,361,1.0,361.0
United Arab Emirates,Ethiopia,Exports,6698,34.0,197.0
United Arab Emirates,France,Exports,6772,14.0,483.7142857142857
United Arab Emirates,France,Imports,8922210,30759.0,290.068272700673
United Arab Emirates,Georgia,Exports,3268,70.0,46.68571428571428
United Arab Emirates,Germany,Imports,253028,2163.0,116.98012020342118
United Arab Emirates,India,Imports,1011374,10841.0,93.29157826768748
United Arab Emirates,Iran,Exports,36224,2082.0,17.398655139289144
United Arab Emirates,Iraq,Exports,901132,13964.0,64.53251217416214
United Arab Emirates,Ireland,Imports,30581345,47536.0,643.3302128912824
United Arab Emirates,Italy,Imports,744339,8113.0,91.74645630469617
United Arab Emirates,Japan,Imports,15256,57.0,267.64912280701753
United Arab Emirates,Jordan,Exports,72660,1150.0,63.18260869565217
United Arab Emirates,Jordan,Imports,45081,6797.0,6.632484919817567
United Arab Emirates,Malaysia,Imports,88404,184.0,480.45652173913044
United Arab Emirates,Morocco,Imports,194323,1684.0,115.3937054631829
United Arab Emirates,Netherlands,Imports,1172856,5647.0,207.69541349389056
United Arab Emirates,Pakistan,Exports,260330,1118.0,232.85330948121646
United Arab Emirates,Rep. of Korea,Imports,273464,3941.0,69.38949505201725
United Arab Emirates,Saudi Arabia,Imports,1015547,3698.0,274.62060573282855
United Arab Emirates,Seychelles,Exports,1634,530.0,3.0830188679245283
United Arab Emirates,Singapore,Exports,95712,1102.0,86.8529945553539
United Arab Emirates,South Africa,Exports,51248,3235.0,15.841731066460587
United Arab Emirates,South Africa,Imports,272,2.0,136.0
United Arab Emirates,Spain,Imports,4064,6.0,677.3333333333334
United Arab Emirates,Sri Lanka,Exports,174856,368.0,475.1521739130435
United Arab Emirates,Switzerland,Imports,1283476,736.0,1743.8532608695652
United Arab Emirates,Thailand,Imports,64156,731.0,87.76470588235294
United Arab Emirates,United Kingdom,Imports,4789465,7826.0,611.9939943777154
United Arab Emirates,United States of America,Imports,11779959,14944.0,788.2734876873661
United Kingdom,Afghanistan,Exports,72813,250.0,291.252
United Kingdom,Albania,Exports,1676,23.0,72.8695652173913
United Kingdom,Algeria,Exports,42144815,44636.0,944.1888834124921
United Kingdom,Argentina,Exports,32669252,2704.0,12081.823964497042
United Kingdom,Australia,Exports,45971455,15298.0,3005.063080141195
United Kingdom,Australia,Imports,2983249,19884.0,150.03263930798633
United Kingdom,Austria,Exports,557220,706.0,789.2634560906515
United Kingdom,Austria,Imports,5563172,2487.0,2236.9006835544833
United Kingdom,Azerbaijan,Exports,1468,0.0,0.0
United Kingdom,Bahamas,Exports,2614,12.0,217.83333333333334
United Kingdom,Bangladesh,Exports,329107,200.0,1645.535
United Kingdom,Belgium,Exports,67908080,22881.0,2967.8807744416763
United Kingdom,Belgium,Imports,80499718,114536.0,702.8333275127471
United Kingdom,Bolivia,Exports,112042,65.0,1723.7230769230769
United Kingdom,Brazil,Exports,13131200,11904.0,1103.0913978494623
United Kingdom,Canada,Exports,70207605,22584.0,3108.732066950053
United Kingdom,Canada,Imports,2790,5.0,558.0
United Kingdom,Cayman Isds,Exports,5006,10.0,500.6
United Kingdom,Chile,Exports,44196,5925.0,7.459240506329114
United Kingdom,China,Exports,163518290,92815.0,1761.7657706189732
United Kingdom,China,Imports,5853,31.0,188.80645161290323
United Kingdom,"China, Hong Kong SAR",Exports,25848890,14260.0,1812.6851332398317
United Kingdom,Colombia,Exports,2417613,2230.0,1084.131390134529
United Kingdom,Cuba,Imports,17782,2.0,8891.0
United Kingdom,Cyprus,Exports,1527,7.0,218.14285714285714
United Kingdom,Czech Rep.,Exports,19001331,7647.0,2484.80855237348
United Kingdom,Czech Rep.,Imports,1217353,540.0,2254.357407407407
United Kingdom,Denmark,Exports,7152125,1681.0,4254.684711481261
United Kingdom,Denmark,Imports,39764,44.0,903.7272727272727
United Kingdom,Ecuador,Exports,1139167,826.0,1379.136803874092
United Kingdom,Egypt,Exports,521475,570.0,914.8684210526316
United Kingdom,Equatorial Guinea,Exports,10805,43.0,251.27906976744185
United Kingdom,Fiji,Exports,15243,16.0,952.6875
United Kingdom,Finland,Exports,1503132,617.0,2436.1944894651538
United Kingdom,Finland,Imports,674,2.0,337.0
United Kingdom,France,Exports,95364510,55519.0,1717.6914209549884
United Kingdom,France,Imports,216736604,448162.0,483.6121848795748
United Kingdom,Gambia,Exports,3567,2.0,1783.5
United Kingdom,Georgia,Exports,92142,254.0,362.76377952755905
United Kingdom,Germany,Exports,123718958,27308.0,4530.502343635565
United Kingdom,Germany,Imports,14528,9.0,1614.2222222222222
United Kingdom,Gibraltar,Exports,121110,257.0,471.2451361867704
United Kingdom,Greece,Exports,13021007,9170.0,1419.9571428571428
United Kingdom,Guinea,Exports,1827,29.0,63.0
United Kingdom,Honduras,Exports,8899,12.0,741.5833333333334
United Kingdom,Hungary,Exports,12262230,8150.0,1504.5680981595092
United Kingdom,Hungary,Imports,516,1.0,516.0
United Kingdom,India,Exports,31923744,38831.0,822.1200587159743
United Kingdom,India,Imports,49792,17091.0,2.9133462056052895
United Kingdom,Indonesia,Exports,4456741,14327.0,311.07286940741255
United Kingdom,Iran,Exports,448800,425.0,1056.0
United Kingdom,Iraq,Exports,3781352,6000.0,630.2253333333333
United Kingdom,Ireland,Exports,12890451,11491.0,1121.7867026368463
United Kingdom,Ireland,Imports,1550916853,89121.0,17402.372650665948
United Kingdom,Israel,Exports,14045185,10114.0,1388.6874629226813
United Kingdom,Israel,Imports,1246029,121.0,10297.760330578512
United Kingdom,Italy,Exports,86312214,22212.0,3885.8371150729336
United Kingdom,Italy,Imports,1583586,3199.0,495.02532041262896
United Kingdom,Japan,Exports,280967,630.0,445.9793650793651
United Kingdom,Japan,Imports,2278,2.0,1139.0
United Kingdom,Jordan,Exports,2360083,934.0,2526.855460385439
United Kingdom,Kazakhstan,Exports,25117915,16786.0,1496.3609555582032
United Kingdom,Kenya,Exports,643545,772.0,833.6075129533679
United Kingdom,Lebanon,Exports,1707451,875.0,1951.3725714285715
United Kingdom,Libya,Exports,13050898,12060.0,1082.1640132669984
United Kingdom,Lithuania,Imports,31114,21.0,1481.6190476190477
United Kingdom,Malaysia,Exports,6517482,4636.0,1405.841673856773
United Kingdom,Malta,Exports,373578,787.0,474.6861499364676
United Kingdom,Mauritius,Exports,575483,518.0,1110.9710424710424
United Kingdom,Mexico,Exports,61366836,84893.0,722.8727456916354
United Kingdom,Mexico,Imports,5362,2.0,2681.0
United Kingdom,Mongolia,Exports,8552,52.0,164.46153846153845
United Kingdom,Morocco,Exports,563005,538.0,1046.4776951672864
United Kingdom,Myanmar,Exports,83917,292.0,287.38698630136986
United Kingdom,Netherlands,Exports,409692,205.0,1998.4975609756098
United Kingdom,Netherlands,Imports,210251281,139832.0,1503.5991833056812
United Kingdom,New Zealand,Exports,1487564,416.0,3575.875
United Kingdom,Nigeria,Exports,427591,2361.0,181.10588733587463
United Kingdom,Norway,Exports,5653787,1677.0,3371.3697078115683
United Kingdom,Oman,Exports,5599093,2911.0,1923.4259704568876
United Kingdom,"Other Asia, nes",Exports,237506,13921.0,17.060986998060486
United Kingdom,"Other Asia, nes",Imports,5583,2.0,2791.5
United Kingdom,Pakistan,Exports,1214554,1483.0,818.9844908968307
United Kingdom,Panama,Exports,3357101,4791.0,700.7098726779378
United Kingdom,Peru,Exports,2137010,1082.0,1975.0554528650648
United Kingdom,Philippines,Exports,6687426,5633.0,1187.1872891887094
United Kingdom,Poland,Exports,12433436,6393.0,1944.8515563898013
United Kingdom,Poland,Imports,6639,7.0,948.4285714285714
United Kingdom,Portugal,Exports,17903827,10097.0,1773.1828265821532
United Kingdom,Portugal,Imports,217595,132.0,1648.4469696969697
United Kingdom,Qatar,Exports,3463147,1943.0,1782.3710756562018
United Kingdom,Rep. of Korea,Exports,28437432,30584.0,929.814020402825
United Kingdom,Rep. of Korea,Imports,4239,3.0,1413.0
United Kingdom,Romania,Exports,5717065,4526.0,1263.1606274856385
United Kingdom,Russian Federation,Exports,31659,199.0,159.09045226130652
United Kingdom,Saudi Arabia,Exports,94682216,59047.0,1603.50595288499
United Kingdom,Serbia,Exports,479932,272.0,1764.4558823529412
United Kingdom,Sierra Leone,Exports,4331,49.0,88.38775510204081
United Kingdom,Singapore,Exports,8725188,4357.0,2002.5678218957999
United Kingdom,Singapore,Imports,66910,60.0,1115.1666666666667
United Kingdom,Slovakia,Exports,1101,3.0,367.0
United Kingdom,Slovakia,Imports,966964,195.0,4958.789743589744
United Kingdom,South Africa,Exports,26850752,15627.0,1718.2281947910667
United Kingdom,South Sudan,Exports,60240,74.0,814.0540540540541
United Kingdom,Spain,Exports,82631203,828327.0,99.75674220446756
United Kingdom,Spain,Imports,16665892,24982.0,667.1160035225362
United Kingdom,Sweden,Exports,4347631,978.0,4445.430470347648
United Kingdom,Sweden,Imports,937490,130.0,7211.461538461538
United Kingdom,Switzerland,Exports,23468686,6878.0,3412.1381215469614
United Kingdom,Switzerland,Imports,340369,484.0,703.24173553719
United Kingdom,Thailand,Exports,12536375,16187.0,774.471798356706
United Kingdom,Tunisia,Exports,2368154,1350.0,1754.1881481481482
United Kingdom,Turkey,Exports,20167,10.0,2016.7
United Kingdom,Uganda,Exports,13706,1.0,13706.0
United Kingdom,Ukraine,Exports,17292,2.0,8646.0
United Kingdom,United Arab Emirates,Exports,14820958,11704.0,1266.3156185919345
United Kingdom,United Kingdom,Imports,1214428,13550.0,89.62568265682657
United Kingdom,United States of America,Exports,2906052015,355057.0,8184.747843304033
United Kingdom,United States of America,Imports,106000633,92206.0,1149.6066741860616
United Rep. of Tanzania,Australia,Imports,456,17.0,26.823529411764707
United Rep. of Tanzania,Austria,Imports,67,1.0,67.0
United Rep. of Tanzania,Belgium,Imports,21525611,45493.0,473.1631459785022
United Rep. of Tanzania,Botswana,Imports,117,1.0,117.0
United Rep. of Tanzania,Canada,Imports,313068,4115.0,76.07970838396112
United Rep. of Tanzania,China,Imports,835,31.0,26.93548387096774
United Rep. of Tanzania,Dem.Rep. of the Congo,Exports,1072,5.0,214.4
United Rep. of Tanzania,Dem.Rep. of the Congo,Imports,73,1.0,73.0
United Rep. of Tanzania,Denmark,Imports,10015073,37479.0,267.21825555644494
United Rep. of Tanzania,Finland,Imports,1173,2.0,586.5
United Rep. of Tanzania,France,Imports,423770,2768.0,153.09609826589596
United Rep. of Tanzania,Germany,Exports,950,98.0,9.693877551020408
United Rep. of Tanzania,Germany,Imports,822,45.0,18.266666666666666
United Rep. of Tanzania,India,Imports,9919804,71730.0,138.2936567684372
United Rep. of Tanzania,Italy,Imports,324,15.0,21.6
United Rep. of Tanzania,Japan,Imports,51,2.0,25.5
United Rep. of Tanzania,Kenya,Imports,143794,624.0,230.43910256410257
United Rep. of Tanzania,Morocco,Imports,24,16.0,1.5
United Rep. of Tanzania,Netherlands,Imports,172,3.0,57.333333333333336
United Rep. of Tanzania,Nigeria,Imports,565,89.0,6.348314606741573
United Rep. of Tanzania,Norway,Imports,53,3.0,17.666666666666668
United Rep. of Tanzania,Pakistan,Imports,9,5.0,1.8
United Rep. of Tanzania,Philippines,Imports,969,45.0,21.533333333333335
United Rep. of Tanzania,Poland,Imports,10,1.0,10.0
United Rep. of Tanzania,Rep. of Korea,Imports,78,11.0,7.090909090909091
United Rep. of Tanzania,Singapore,Imports,20,1.0,20.0
United Rep. of Tanzania,South Africa,Imports,21986,192.0,114.51041666666667
United Rep. of Tanzania,Switzerland,Imports,2005759,6727.0,298.16545265348594
United Rep. of Tanzania,Turkey,Imports,121,1.0,121.0
United Rep. of Tanzania,Uganda,Imports,51,3.0,17.0
United Rep. of Tanzania,United Arab Emirates,Imports,115724,3675.0,31.48952380952381
United Rep. of Tanzania,United Kingdom,Imports,13136,1720.0,7.637209302325582
United Rep. of Tanzania,United States of America,Exports,3204,103.0,31.106796116504853
United Rep. of Tanzania,United States of America,Imports,21647,223.0,97.07174887892377
United Rep. of Tanzania,Zimbabwe,Imports,182,2.0,91.0
United States of America,Afghanistan,Exports,5546840,5963.0,930.2096260271676
United States of America,Albania,Exports,55239,124.0,445.4758064516129
United States of America,Anguilla,Exports,3386,67.0,50.53731343283582
United States of America,Argentina,Exports,13493820,91858.0,146.8986914585556
United States of America,Armenia,Exports,457555,837.0,546.6606929510156
United States of America,Aruba,Exports,25282,313.0,80.77316293929712
United States of America,Australia,Exports,28959580,178211.0,162.5016413128258
United States of America,Australia,Imports,65055856,10394.0,6258.981720223206
United States of America,Austria,Exports,45112,202.0,223.32673267326732
United States of America,Austria,Imports,3045944,736.0,4138.510869565217
United States of America,Bahamas,Exports,63860,154.0,414.6753246753247
United States of America,Bahrain,Exports,6318,2.0,3159.0
United States of America,Bangladesh,Exports,176020,943.0,186.6595970307529
United States of America,Barbados,Exports,87792,303.0,289.74257425742576
United States of America,Belgium,Exports,753423343,305061.0,2469.7465195485493
United States of America,Belgium,Imports,1430195213,496102.0,2882.8652434378414
United States of America,Belize,Exports,15102,215.0,70.24186046511628
United States of America,Bermuda,Exports,424119,572.0,741.4667832167833
United States of America,Bolivia,Exports,1122804,3878.0,289.53171738009286
United States of America,Botswana,Exports,8737,6.0,1456.1666666666667
United States of America,Br. Virgin Isds,Exports,3021,4.0,755.25
United States of America,Brazil,Exports,91653064,299155.0,306.3731644130969
United States of America,Burkina Faso,Exports,4205999,38496.0,109.25807876142976
United States of America,Cameroon,Exports,105094,221.0,475.53846153846155
United States of America,Canada,Exports,152451082,43031.0,3542.8198740442936
United States of America,Canada,Imports,497206801,213361.0,2330.3546618172954
United States of America,Cayman Isds,Exports,152298,401.0,379.79551122194516
United States of America,Chile,Exports,1967779,7364.0,267.21605105920696
United States of America,China,Exports,16382707,185402.0,88.3631622096849
United States of America,China,Imports,364320,12.0,30360.0
United States of America,"China, Hong Kong SAR",Exports,7672672,10077.0,761.4043862260594
United States of America,Colombia,Exports,6391715,21592.0,296.02236939607263
United States of America,Costa Rica,Exports,8827852,17689.0,499.0588501328509
United States of America,Czech Rep.,Exports,5025,9.0,558.3333333333334
United States of America,Côte d'Ivoire,Exports,4305520,40509.0,106.28551679873608
United States of America,Dem.Rep. of the Congo,Exports,393988,3990.0,98.74385964912281
United States of America,Denmark,Exports,69316,166.0,417.56626506024094
United States of America,Denmark,Imports,266020,2034.0,130.7866273352999
United States of America,Dominican Rep.,Exports,747132,1641.0,455.290676416819
United States of America,Ecuador,Exports,995416,3456.0,288.025462962963
United States of America,Egypt,Exports,4971,1.0,4971.0
United States of America,El Salvador,Exports,561326,3038.0,184.76826859776168
United States of America,Fiji,Exports,29230,38.0,769.2105263157895
United States of America,France,Exports,40003587,57985.0,689.8954384754678
United States of America,France,Imports,217071905,91949.0,2360.7859248061427
United States of America,Georgia,Exports,617785,2006.0,307.96859421734797
United States of America,Germany,Exports,6779544,5901.0,1148.8805287239452
United States of America,Germany,Imports,261166438,287156.0,909.4932301606095
United States of America,Grenada,Exports,52683,262.0,201.0801526717557
United States of America,Guatemala,Exports,1270490,5208.0,243.94969278033795
United States of America,Guinea,Exports,18930,110.0,172.0909090909091
United States of America,Guyana,Exports,265157,1809.0,146.57656163626314
United States of America,Haiti,Exports,488996,4282.0,114.19803829985987
United States of America,Honduras,Exports,214821,1194.0,179.91708542713567
United States of America,Hungary,Exports,408068,1515.0,269.35181518151813
United States of America,Iceland,Exports,2943,7.0,420.42857142857144
United States of America,India,Exports,14335046,56673.0,252.9431298854834
United States of America,India,Imports,397483,2343.0,169.64703371745625
United States of America,Indonesia,Exports,1318981,10991.0,120.00554999545082
United States of America,Iran,Exports,21470,11.0,1951.8181818181818
United States of America,Iraq,Exports,8913239,5806.0,1535.1772304512574
United States of America,Ireland,Exports,94686539,60383.0,1568.0992829107531
United States of America,Ireland,Imports,2862754601,327805.0,8733.102304723845
United States of America,Israel,Exports,4918575,34127.0,144.12561901134
United States of America,Israel,Imports,55032,28.0,1965.4285714285713
United States of America,Italy,Exports,376255,94.0,4002.7127659574467
United States of America,Italy,Imports,234990043,59087.0,3977.017668861171
United States of America,Jamaica,Exports,137000,2816.0,48.65056818181818
United States of America,Japan,Exports,32451576,140764.0,230.53888778380835
United States of America,Japan,Imports,231651,58.0,3993.9827586206898
United States of America,Jordan,Exports,2082081,22008.0,94.60564340239912
United States of America,Kuwait,Exports,72160,192.0,375.8333333333333
United States of America,Lebanon,Exports,2644374,3510.0,753.382905982906
United States of America,Liberia,Exports,41835,248.0,168.68951612903226
United States of America,Libya,Exports,2249861,26502.0,84.89400799939627
United States of America,Malaysia,Exports,5702619,17796.0,320.44386378961565
United States of America,Mali,Exports,2603505,24353.0,106.90695191557508
United States of America,Marshall Isds,Exports,6427,48.0,133.89583333333334
United States of America,Mauritius,Exports,264309,1770.0,149.3271186440678
United States of America,Mexico,Exports,21181960,131170.0,161.48479072958756
United States of America,Morocco,Exports,5725945,65511.0,87.40432904397734
United States of America,Myanmar,Exports,146950,159.0,924.2138364779875
United States of America,Nepal,Exports,1015234,3020.0,336.1701986754967
United States of America,Netherlands,Exports,710787595,1319579.0,538.6472465839483
United States of America,Netherlands,Imports,220590,19.0,11610.0
United States of America,New Zealand,Exports,1126614,4482.0,251.3641231593039
United States of America,New Zealand,Imports,4661,28.0,166.46428571428572
United States of America,Nicaragua,Exports,7765,2.0,3882.5
United States of America,Niger,Exports,2920,9.0,324.44444444444446
United States of America,Nigeria,Exports,43719,450.0,97.15333333333334
United States of America,Norway,Exports,36000,28.0,1285.7142857142858
United States of America,Oman,Exports,2088095,4427.0,471.67269030946466
United States of America,"Other Asia, nes",Exports,25075234,13889.0,1805.4024047807618
United States of America,"Other Asia, nes",Imports,42251815,40857.0,1034.1389480382798
United States of America,Pakistan,Exports,1028166,3409.0,301.60340275740685
United States of America,Panama,Exports,8222157,6792.0,1210.564929328622
United States of America,Paraguay,Exports,482681,3034.0,159.09063941990772
United States of America,Peru,Exports,1457639,5019.0,290.42418808527594
United States of America,Philippines,Exports,12012249,13250.0,906.5848301886792
United States of America,Qatar,Exports,61016,161.0,378.98136645962734
United States of America,Rep. of Korea,Exports,8398168,18761.0,447.63967805554074
United States of America,Rep. of Korea,Imports,25949,129.0,201.15503875968992
United States of America,Rep. of Moldova,Imports,31813,1.0,31813.0
United States of America,Russian Federation,Exports,6580522,18805.0,349.9346982185589
United States of America,Saint Kitts and Nevis,Exports,19160,120.0,159.66666666666666
United States of America,Saint Lucia,Exports,28099,82.0,342.6707317073171
United States of America,Sao Tome and Principe,Exports,66240,1403.0,47.21311475409836
United States of America,Saudi Arabia,Exports,77142847,125161.0,616.3489185928524
United States of America,Senegal,Exports,20197,43.0,469.69767441860466
United States of America,Serbia,Exports,126578,189.0,669.7248677248677
United States of America,Sierra Leone,Exports,6310,1.0,6310.0
United States of America,Singapore,Exports,2461598,15218.0,161.75568405835196
United States of America,Singapore,Imports,2537,1.0,2537.0
United States of America,Slovenia,Imports,29452,3.0,9817.333333333334
United States of America,South Africa,Exports,2644620,12069.0,219.1250310713398
United States of America,South Sudan,Exports,11128,114.0,97.6140350877193
United States of America,Spain,Exports,8977,2.0,4488.5
United States of America,Sri Lanka,Exports,24419,354.0,68.98022598870057
United States of America,Sudan,Exports,4719466,1898.0,2486.5468914647
United States of America,Sweden,Exports,17394,26.0,669.0
United States of America,Sweden,Imports,59931,9.0,6659.0
United States of America,Switzerland,Exports,282075,1892.0,149.08826638477802
United States of America,Switzerland,Imports,12886583,4291.0,3003.1654625961314
United States of America,Thailand,Exports,46432702,39335.0,1180.4424049828397
United States of America,Trinidad and Tobago,Exports,224994,574.0,391.9756097560976
United States of America,Turkey,Exports,9907944,31380.0,315.74072657743784
United States of America,Turks and Caicos Isds,Exports,46627,957.0,48.72204806687565
United States of America,Ukraine,Exports,2346546,3668.0,639.7344601962923
United States of America,United Arab Emirates,Exports,2879009,4293.0,670.6286978802702
United States of America,United Kingdom,Exports,110506853,105587.0,1046.5952532035194
United States of America,United Kingdom,Imports,133584609,25399.0,5259.443639513367
United States of America,United Rep. of Tanzania,Exports,29610,137.0,216.13138686131387
United States of America,Uruguay,Exports,74930,1243.0,60.2815768302494
United States of America,Viet Nam,Exports,990110,11102.0,89.18303008466943
Uruguay,France,Imports,5303,5.0,1060.6
Uruguay,India,Imports,39478,35.0,1127.942857142857
Uruguay,Italy,Imports,10890,50.0,217.8
Uruguay,Netherlands,Imports,94072,250.0,376.288
Uruguay,United Kingdom,Imports,56346,1.0,56346.0
Zambia,Austria,Imports,416,5.0,83.2
Zambia,Belgium,Imports,2481,14.0,177.21428571428572
Zambia,Botswana,Imports,346266,1269.0,272.86524822695037
Zambia,Canada,Imports,96467,606.0,159.18646864686468
Zambia,Denmark,Imports,11891234,28054.0,423.8694660297997
Zambia,France,Imports,167641,583.0,287.548885077187
Zambia,Germany,Imports,1491291,7016.0,212.5557297605473
Zambia,India,Imports,5525476,43958.0,125.69898539514992
Zambia,Kenya,Imports,3404,58.0,58.689655172413794
Zambia,Malawi,Exports,15632,30000.0,0.5210666666666667
Zambia,Rep. of Korea,Imports,1259914,5959.0,211.43044134921968
Zambia,Russian Federation,Imports,1129,15.0,75.26666666666667
Zambia,Singapore,Imports,112333,3880.0,28.95180412371134
Zambia,South Africa,Imports,98117,439.0,223.501138952164
Zambia,United Kingdom,Imports,36741,139.0,264.32374100719426
Zambia,United States of America,Imports,7146,32.0,223.3125
Zimbabwe,Belgium,Imports,3554649,6768.0,525.2140957446809
Zimbabwe,Botswana,Imports,2491,5.0,498.2
Zimbabwe,Canada,Imports,75106,468.0,160.48290598290598
Zimbabwe,China,Imports,59,6.0,9.833333333333334
Zimbabwe,Denmark,Imports,15520032,30979.0,500.98557087058975
Zimbabwe,India,Imports,873367,6721.0,129.94599018003274
Zimbabwe,Indonesia,Imports,53453,465.0,114.95268817204301
Zimbabwe,Mauritius,Imports,152123,1325.0,114.80981132075472
Zimbabwe,Netherlands,Imports,3885,4.0,971.25
Zimbabwe,Rep. of Korea,Imports,172260,942.0,182.86624203821657
Zimbabwe,South Africa,Imports,182902,1099.0,166.4258416742493
Zimbabwe,Switzerland,Imports,2283,15.0,152.2
Zimbabwe,United Kingdom,Imports,626,35.0,17.885714285714286
Zimbabwe,United States of America,Imports,277833,619.0,448.84168012924073
Zimbabwe,Zambia,Exports,1525,7.0,217.85714285714286
